@string{types03 = {Revised Selected Papers of TYPES'03}}
@string{ai = {AI}}
@string{aaecc = {AAECC}}
@string{stacs32 = {Proc.\ of\ \nnd{32} STACS}}
@string{icfp20 = {Proc.\ of \nth{20} ICFP}}
@string{ac = "AC"}
@string{acm = "ACM"}
@string{aml    = "AML"}
@string{ap = "Academic Press"}
@string{fm2 = "Feasible Mathematics II"}
@string{ucs = "JUCS"}
@string{apal  = "APAL"}
@string{ptcs = "PTCS"}
@string{aplas10 = {Proc.\ of\ \nth{10} APLAS}}
@string{aplas3 = {Proc.\ of\ \nrd{3} APLAS}}
@string{cacm = "Comm. ACM"}
@string{cade22 = {Proc.\ of \nnd{22} CADE}}
@string{cai4 = {Proc.\ of\ \nth{4} CAI}}
@string{mct  = {MCT}}
@string{scp  = {SCP}}
@string{sas8 = {Proc.\ of\ \nth{8} SAS}}
@string{cav17 = {Proc.\ of\ \nth{17} CAV}}
@string{cav24 = {Proc.\ of\ \nth{24} CAV}}
@string{cav25 = {Proc.\ of\ \nth{25} CAV}}
@string{cav26 = {Proc.\ of\ \nth{26} CAV}}
@string{cav28 = {Proc.\ of\ \nth{28} CAV}}
@string{cav29 = {Proc.\ of\ \nth{29} CAV}}
@string{cc       = {CC}}
@string{cie1 = {Proc.\ of\ \nst{1} CIE}}
@string{atva16 = {Proc.\ of\ \nth{16} ATVA}}
@string{csl14 = {Proc.\ of\ \nth{14} CSL}}
@string{csl17 = {Proc.\ of\ \nth{17} CSL}}
@string{csl20 = {Proc.\ of\ \nth{20} CSL}}
@string{csl22 = {Proc.\ of\ \nnd{22} CSL}}
@string{csl23 = {Proc.\ of\ \nrd{23} CSL}}
@string{csl26 = {Proc.\ of\ \nth{26} CSL}}
@string{cttcs = {CTTCS}}
@string{dagstuhl = {Dagstuhl}}
@string{dice1 = {Proc.\ of\ \nst{1} DICE}}
@string{dice3 = {Proc.\ of\ \nrd{3} DICE}}
@string{dice5 = {Proc.\ of\ \nth{5} DICE}}
@string{dice6 = {Proc.\ of\ \nth{6} DICE}}
@string{entcs = {ENTCS}}
@string{eptcs = {EPTCS}}
@string{esop19 = {Proc.\ of \nth{19} ESOP}}
@string{esop22 = {Proc.\ of \nnd{22} ESOP}}
@string{esop24 = {Proc.\ of \nth{24} ESOP}}
@string{esop26 = {Proc.\ of \nth{26} ESOP}}
@string{esop25 = {Proc.\ of \nth{25} ESOP}}
@string{esop3 = {Proc.\ of \nrd{3} ESOP}}
@string{vmcai5 = {Proc.\ \nth{5} VMCAI}}
@string{fi    = {FI}}
@string{flops10 = {Proc.\ of\ \nth{10} FLOPS}}
@string{flops14 = {Proc.\ of\ \nth{14} FLOPS}}
@string{flops9 = {Proc.\ of\ \nth{9} FLOPS}}
@string{parle2 = {PARLE (2)}}
@string{fopara1 = {Revised Selected Papers of \nst{1} FOPARA}}
@string{frocos5 = {Proc.\ of\ \nth{5} FROCOS}}
@string{frocos7 = {Proc.\ of\ \nth{7} FROCOS}}
@string{frocos8 = {Proc.\ of\ \nth{8} FROCOS}}
@string{fossacs22 = {Proc.\ of\ \nth{22} FOSSACS}}
@string{tacas14 = {Proc.\ of\ \nth{14} TACAS}}
@string{tacas22 = {Proc.\ of\ \nnd{2} TACAS}}
@string{fsttcs15= {Proc.\ of\ \nth{15} FSTTCS}}
@string{fsttcs28= {Proc.\ of\ \nth{28} FSTTCS}}
@string{ny={New York, NY}}
@string{saarbruecken={Saarbr\"ucken, DE}}
@string{oxford={Oxford, UK}}
@string{heidelberg={Heidelberg, DE}}
@string{hart1 = {Proc.\ of\ \nst{1} HART}}
@string{ic    = {IC}}
@string{ipl = {IPL}}
@string{alp3 = {Proc.\ of\ \nrd{3} ALP}}
@string{icalp19 = {Proc.\ of\ \nth{19} ICALP}}
@string{icalp36 = {Proc.\ of\ \nth{36} ICALP}}
@string{iclmps64= {Proc.\ of\ 1964 ICLMPS}}
@string{ictac4 = {Proc.\ of \nth{4} ICTAC}}
@string{ieee = {IEEE}}
@string{ijcar3 = {Proc.\ of\ \nrd{3} IJCAR}}
@string{ijcar4 = {Proc.\ of\ \nth{4} IJCAR}}
@string{pldi10 = {Proc.\ of\ PLDI'10}}
@string{pldi14 = {Proc.\ of\ PLDI'14}}
@string{pldi36 = {Proc.\ of\ \nth{36} PLDI}}
@string{pldi39 = {Proc.\ of\ \nth{39} PLDI}}
@string{pldi40 = {Proc.\ of\ \nth{40} PLDI}}
@string{ipl   = {IPL}}
@string{jacm = {JACM}}
@string{jar   = {JAR}}
@string{jfcs = {JFCS}}
@string{jfp = {JFP}}
@string{jlc   = {JLC}}
@string{jsc   = {JSC}}
@string{lics31 = {Proc.\ of\ \nst{31} LICS}}
@string{lics16 = {Proc.\ of\ \nth{16} LICS}}
@string{lics14 = {Proc.\ of\ \nth{14} LICS}}
@string{lics20 = {Proc.\ of\ \nth{20} LICS}}
@string{lics31 = {Proc.\ of\ \nnd{31} LICS}}
@string{lics32 = {Proc.\ of\ \nnd{32} LICS}}
@string{lics34 = {Proc.\ of\ \nth{34} LICS}}
@string{lics6 = {Proc.\ of\ \nth{6} LICS}}
@string{lics4 = {Proc.\ of\ \nth{4} LICS}}
@string{lipics   = "LIPIcs"}
@string{lmcs     = "LMCS"}
@string{lmcsev     = "LMCS e.V."}
@string{lnai  = "LNAI"}
@string{lncs  = "LNCS"}
@string{lpar13 = {Proc.\ of\ \nth{13} LPAR}}
@string{lpar15 = {Proc.\ of\ \nth{15} LPAR}}
@string{lpar16 = {Proc.\ of\ \nth{16} LPAR}}
@string{lpar17 = {Proc.\ of\ \nth{17} LPAR}}
@string{mit   = "MIT Press"}
@string{mlq   = {MLQ}}
@string{plpv7 = {Proc.\ of \nth{7} PLPV}}
@string{popl20 = {Proc.\ of\ \nth{20} POPL}}
@string{popl23 = {Proc.\ of\ \nrd{23} POPL}}
@string{popl27 = {Proc.\ of\ \nth{27} POPL}}
@string{popl28 = {Proc.\ of\ \nth{28} POPL}}
@string{popl29 = {Proc.\ of\ \nth{29} POPL}}
@string{popl35 = {Proc.\ of\ \nth{35} POPL}}
@string{popl36 = {Proc.\ of\ \nth{36} POPL}}
@string{popl37 = {Proc.\ of\ \nth{37} POPL}}
@string{popl38 = {Proc.\ of\ \nth{38} POPL}}
@string{popl40 = {Proc.\ of\ \nth{40} POPL}}
@string{popl42 = {Proc.\ of\ \nnd{42} POPL}}
@string{popl43 = {Proc.\ of\ \nrd{43} POPL}}
@string{popl44 = {Proc.\ of\ \nth{44} POPL}}
@string{ppdp10 = {Proc.\ of\  \nth{10} PPDP}}
@string{ppdp99 = {Proc.\ of\ PPDP'99}}
@string{ppdp12 = {Proc.\ of\  \nth{12} PPDP}}
@string{ppdp14 = {Proc.\ of\  \nth{14} PPDP}}
@string{ppdp20 = {Proc.\ of\  \nth{20} PPDP}}
@string{rta9 = {Proc.\ of\ \nth{9} RTA}}
@string{rtatlca14 = {Proc.\ of {RTA-TLCA} 2014}}
@string{rta12 = {Proc.\ of\ \nth{12} RTA}}
@string{rta13 = {Proc.\ of\ \nth{13} RTA}}
@string{rta14 = {Proc.\ of\ \nth{14} RTA}}
@string{rta15 = {Proc.\ of\ \nth{15} RTA}}
@string{rta16 = {Proc.\ of\ \nth{16} RTA}}
@string{rta17 = {Proc.\ of\ \nth{17} RTA}}
@string{rta19 = {Proc.\ of\ \nth{19} RTA}}
@string{rta20 = {Proc.\ of\ \nth{20} RTA}}
@string{rta21 = {Proc.\ of\ \nst{21} RTA}}
@string{rta22 = {Proc.\ of\ \nnd{22} RTA}}
@string{rta23 = {Proc.\ of\ \nrd{23} RTA}}
@string{rta24 = {Proc.\ of\ \nth{24} RTA}}
@string{rta25 = {Proc.\ of\ \nth{25} RTA and \nth{12} TLCA}}
@string{rta3 = {Proc.\ of\ \nrd{3} RTA}}
@string{rta6 = {Proc.\ of\ \nth{6} RTA}}
@string{rta7 = {Proc.\ of\ \nth{7} RTA}}
@string{rta8 = {Proc.\ of\ \nth{8} RTA}}
@string{sas15 = {Proc.\ of \nth{15} SAS}}
@string{sas17 = {Proc.\ of \nth{17} SAS}}
@string{sas18 = {Proc.\ of \nth{18} SAS}}
@string{sas21 = {Proc.\ of \nth{21} SAS}}
@string{sat6 = {Proc.\ of\ \nth{6} SAT}}
@string{sat10 = {Proc.\ of\ \nth{10} SAT}}
@string{sofsem95 = {Proc.\ of\ \nnd{22} SOFSEM}}
@string{mscs = {MSCS}}
@string{springer = "Springer"}
@string{elsevier = "Elsevier"}
@string{birkhaeuser = {Birkh\"auser Boston}}
@string{tcs   = "TCS"}
@string{tocl = "TOCL"}
@string{toplas = "TOPLAS"}
@string{wrs9 = {Proc.\ \nth{9} WRS}}
@string{wst10 = {Proc.\ of\ \nth{10} WST}}
@string{wst11 = {Proc.\ of\ \nth{11} WST}}
@string{wst12 = {Proc.\ of\ \nth{12} WST}}
@string{wst13 = {Proc.\ of\ \nth{13} WST}}
@string{wst7 = {Proc.\ of\ \nth{7} WST}}
@string{hoa1 = {\nst{1} HOA, Selected Papers}}
@string{tecs = "TECS"}
@string{uai24 = {Proc.\ of\ \nth{24} UAI}}
@string{jcsc = {JCSC}}

@inproceedings{Gnaedig07,
  title={Induction for positive almost sure termination},
  author={I.~Gnaedig},
  booktitle={PPDP 2017},
  pages={167--178},
  year={2007},
  publisher={ACM}
}
@article{AMS06,
  title={{PM}aude: Rewrite-based specification language for probabilistic object systems},
  author={G.~Agha and J.~Meseguer and K.~Sen},
  journal={Electr.\@ Notes in Theor.\@ Comput.\@ Sci.\@},
  volume={153},
  number={2},
  pages={213--239},
  year={2006},
  publisher={Elsevier}
}

@book{Puterman:94,
 author = {M.~L. Puterman},
 title = {Markov Decision Processes: Discrete Stochastic Dynamic Programming},
 year = {1994},
 edition = {1st},
 publisher = {John Wiley \& Sons, Inc.},
 address = {New York, NY, USA},
}

@article{AP:JFP:16,
  author    = {A. Abel and
               B. Pientka},
  title     = {{Well-founded Recursion with Copatterns and Sized types}},
  journal   = jfp,
  volume    = {26},
  pages     = {e2},
  year      = {2016},
}
@inproceedings{Blanqui:RTA:04,
  author    = {F. Blanqui},
  title     = {{A Type-Based Termination Criterion for Dependently-Typed Higher-Order
               Rewrite Systems}},
  booktitle = rta15,
  pages     = {24--39},
  year      = {2004},
  series    = lncs,
  volume    = {3091},
  publisher = springer,
}


@inproceedings{AS:DICE:17,
 author    = "M. Avanzini and M. Schaper",
 title     = {{GUBS Upper Bound Solver}},
 booktitle = "Proceedings of the \nth{17} International Workshop on Developments in Implicit Complexity",
 year      = 2017,
}

@inproceedings{BG:RTA:05,
  author    = {O. Bournez and
               F. Garnier},
  title     = {{Proving Positive Almost-Sure Termination}},
  booktitle = rta16,
  pages     = {323--337},
  year      = {2005},
  series    = lncs,
  volume    = {3467},
  publisher = springer,
}

@book{Winskel:93,
  author    = {G. Winskel},
  title     = {{The Formal Semantics of Programming Languages}},
  series    = {FCS},
  publisher = mit,
  year      = {1993},
}

@book{Schlechter:96,
  author    = {E. Schlechter},
  title     = {{Handbook of Analysis and Its Foundations}},
  publisher = elsevier,
  year      = {1996},
}

@inproceedings{CHS:PLDI:15,
  author    = {Q. Carbonneaux and
               J. Hoffmann and
               Z. Shao},
  title     = {{Compositional Certified Resource Bounds}},
  booktitle = pldi36,
  pages     = {467--478},
  publisher = {{ACM}},
  year      = {2015},
}

@inproceedings{BG:RTA:06,
  author    = {O. Bournez and F. Garnier},
  title     = {{Proving Positive Almost Sure Termination Under Strategies}},
  booktitle =	 rta17,
  series =	 lncs,
  publisher =	 springer,
  volume =	 4098,
  pages={357--371},
  year=2006
}

@inProceedings{ChatterjeeAlgorithmicAnalysis,
 author = {Chatterjee, Krishnendu and Fu, Hongfei and Novotn\'{y}, Petr and Hasheminezhad, Rouzbeh},
 title = {{Algorithmic Analysis of Qualitative and Quantitative Termination Problems for Affine Probabilistic Programs}},
 booktitle = popl43,
 pages = {327--342},
 year = {2016},
 publisher = {ACM}
}

@inproceedings{Lee:2001:SPP:360204.360210,
 author = {C.~S. Lee and N.~D. Jones and A.~M. Ben-Amram},
 title = {{The Size-change Principle for Program Termination}},
 booktitle = popl28,
 year = {2001},
 pages = {81--92},
 publisher = acm,
}

@inproceedings{Blanqui:CSL:05,
  author    = {F. Blanqui},
  title     = {{Decidability of Type-Checking in the Calculus of Algebraic Constructions
               with Size Annotations}},
  booktitle = csl14,
  pages     = {135--150},
  year      = {2005},
  series    = lncs,
  volume    = {3634},
  publisher = springer,
}

@inproceedings{HDW:POPL:17,
  author    = {J. Hoffmann and
               A. Das and
               S.-C. Weng},
  title     = {{Towards Automatic Resource Bound Analysis for OCaml}},
  booktitle = popl44,
  pages     = {359--373},
  year      = {2017},
  publisher = acm,
  address = ny
}

@article{ABHLM:TCS:07,
  author    = {D. Aspinall and
               L. Beringer and
               M. Hofmann and
               H-W. Loidl and
               A. Momigliano},
  title     = {{A Program Logic for Resources}},
  journal   = tcs,
  volume    = {389},
  number    = {3},
  pages     = {411--445},
  year      = {2007},
}

@inproceedings{SZV:2014,
  author    = {M. Sinn and
               F. Zuleger and
               H. Veith},
  title     = {{A Simple and Scalable Static Analysis for Bound Analysis and Amortized Complexity Analysis}},
  booktitle = cav26,
  publisher = springer,
  address =      heidelberg,
  pages     = {745--761},
  year      = {2014},
  series    = lncs,
  volume    = {8559},
}

@article{AAGGPRRZ:ENTCS:09,
  author =	 {E. Albert and P. Arenas and S. Genaim and
                  M. G{\'o}mez-Zamalloa and G. Puebla and
                  D. Ram\'{\i}rez and G. Rom{\'a}n and D. Zanardini},
  title =	 {{Termination and Cost Analysis with COSTA and its
                  User Interfaces}},
  journal =	 entcs,
  volume =	 258,
  number =	 1,
  year =	 2009,
  pages =	 {109-121},
}


@inproceedings{HPS:POPL:96,
 author = {J. Hughes and L. Pareto and A. Sabry},
 title = {{Proving the Correctness of Reactive Systems Using Sized Types}},
 booktitle = popl23,
 series = {POPL '96},
 year = {1996},
 pages = {410--423},
 publisher = acm,
  address = ny
}

@Inbook{Mycroft:ISP:84,
author="A. Mycroft",
title={{Polymorphic Type Schemes and Recursive Definitions}},
bookTitle="International Symposium on Programming: 6th Colloquium Toulouse",
year="1984",
publisher=springer,
pages={217--228},
  address =      heidelberg,
}

@book{Bremaud:99,
author={P. Brémaud},
title={{Marcov Chains}},
year=1999,
publisher=springer
}

@inproceedings{Genet:RTA:98,
  author    = {T. Genet},
  title     = {{Decidable Approximations of Sets of Descendants and Sets of Normal
               Forms}},
  booktitle = rta9,
  pages     = {151--165},
  year      = {1998},
  series    = lncs,
  volume    = {1379},
  publisher = springer,

}
@inproceedings{SF:LISP:92,
  author    = {A. Sabry and
               M. Felleisen},
  title     = {{Reasoning About Programs in Continuation-Passing Style}},
  booktitle = {{LISP} and Functional Programming},
  pages     = {288--298},
  year      = {1992},
}

@inproceedings{ST:FROCOS:11,
  author    = {C. Sternagel and R. Thiemann},
  title     = {{Generalized and Formalized Uncurrying}},
  booktitle = frocos8,
  pages     = {243--258},
  year      = {2011},
  series    = lncs,
  volume      = 6989,
  publisher   = springer,

}

@article{Okasaki:JFP:98,
  author    = {C. Okasaki},
  title     = {{Functional Pearl: Even Higher-Order Functions for Parsing}},
  journal   = jfp,
  volume    = {8},
  number    = {2},
  pages     = {195--199},
  year      = {1998},
}

@inproceedings{Bellantoni:FMII:94,
  author = {S. Bellantoni},
  title = {{Predicative Recursion and the Polytime Hierarchy}},
  booktitle = fm2,
  publisher   = birkhaeuser,
  year = 1994
}

@article{BDM:MSCS:12,
  author    = {P. Baillot and
               U. {Dal Lago} and
               {J.{-}Y.} Moyen},
  title     = {{On Quasi-interpretations, Blind Abstractions and Implicit Complexity}},
  journal   = mscs,
  year      = {2012},
  volume    = {22},
  number    = {4},
  pages     = {549--580},

}


@book{Harper:PFP:2012,
 author = {R. Harper},
 title = {{Practical Foundations for Programming Languages}},
 year = {2012},
 publisher = {Cambridge University Press},
}

@article{JVWS:JFP:07,
  author    = {S.~L. {Peyton Jones} and
               D. Vytiniotis and
               S. Weirich and
               M. Shields},
  title     = {{Practical Type Inference for Arbitrary-rank Types}},
  journal   = jfp,
  volume    = {17},
  number    = {1},
  pages     = {1--82},
  year      = {2007},
}

@article{Jones:TCS:07,
 author = {N. D. Jones},
 title = {{Flow Analysis of Lazy Higher-order Functional Programs}},
 journal = tcs,
 volume = {375},
 number = {1-3},
 year = {2007},
 pages = {120--136},
 publisher = elsevier,
}


@article{Plotkin:TCS:77,
  author    = {G. D. Plotkin},
  title     = {{LCF Considered as a Programming Language}},
  journal   = tcs,
  year      = {1977},
  volume    = {5},
  number    = {3},
  pages     = {223--255},
}

@inproceedings{HM:RTA:04,
  author      = {N. Hirokawa and A. Middeldorp},
  title       = {{Dependency Pairs Revisited}},
  booktitle   = rta15,
  series      = lncs,
  volume      = 3091,
  publisher   = springer,
  pages       = {249--268},
  year        = 2004
}

@inproceedings{CS:CAV:13,
  author    = {A. Chakarov and
               S. Sankaranarayanan},
  title     = {{Probabilistic Program Analysis with Martingales}},
  booktitle = cav25,
  pages     = {511--526},
  year      = {2013},
  series    = lncs,
  volume    = {8044},
  publisher = springer,
}

@inproceedings{CFM:CAV:17,
  author     = {K. Chatterjee and
                H. Fu and
                A. Murhekar},
  title      = {{Automated Recurrence Analysis for Almost-Linear Expected-Runtime Bounds}},
  pages      = {118--139},
  booktitle  = cav29,
  series     = lncs,
  volume     = {10426},
  publisher  = springer,
  year       = {2017},
}


@article{CH:CORR:17,
  author    = {K. Chatterjee and
               H. Fu},
  title     = {{Termination of Nondeterministic Recursive Probabilistic Programs}},
  journal   = {CoRR},
  volume    = {abs/1701.02944},
  year      = {2017},
}

@inproceedings{DMZ:DICE:10,
  author    = {U. {Dal Lago} and
               S. Martini and
               M. Zorzi},
  title     = {{General Ramified Recurrence is Sound for Polynomial Time}},
  booktitle = dice1,
  series    = eptcs,
  volume    = 23,
  year      = {2010},
  pages     = {47-62},
}

@article{NEG:JAR:13,
  author    = {L. Noschinski and
               F. Emmes and
               J. Giesl},
  title     = {{Analyzing Innermost Runtime Complexity of Term Rewriting by Dependency Pairs}},
  journal   = jar,
  volume    = {51},
  number    = {1},
  year      = {2013},
  pages     = {27-56},
}

@article{ABHS:TCS:04,
  author =	 {K. Aehlig and U. Berger and M. Hofmann and
                  H. Schwichtenberg},
  title =	 {{An Arithmetic for Non-size-increasing
                  Polynomial-time Computation}},
  journal =	 tcs,
  volume =	 318,
  number =	 {1-2},
  year =	 2004,
  pages =	 {3-27},
}

@article{AT:UCS:97,
  author    = {T. Aoto and
               Y. Toyama},
  title     = {{Persistency of Confluence}},
  journal   = ucs,
  volume    = {3},
  number    = {11},
  year      = {1997},
  pages     = {1134-1147},
}

@INPROCEEDINGS{ADL:RTA:12,
  author =	 {B. Accattoli and U. {Dal Lago}},
  title =	 {{On the Invariance of the Unitary Cost Model for
                  Head Reduction}},
  booktitle =	 rta23,
  pages =	 {22--37},
  series =	 lipics,
  publisher =	 dagstuhl,
  year =	 2012,
  volume =	 15
}


@InProceedings{Hoffmann:ALP:92,
  author = {B. Hoffmann},
  title = {{Term Rewriting with Sharing and Memoization}},
  year = {1992},
  booktitle = alp3,
  publisher = springer,
  series = lncs,
  pages = {128-142},
  volume = {632},
}


@inproceedings{Oitavem:PTCS:01,
  author    = {Isabel Oitavem},
  title     = {{Implicit Characterizations of Pspace.}},
  booktitle = ptcs,
  year      = {2001},
  pages     = {170-190},
}

@article{DR:CoRR:12,
  author    = {N. Danner and
               J. S. Royer},
  title     = {{Ramified Structural Recursion and Corecursion}},
  journal   = {CoRR},
  year      = {2012},
  volume    = {abs/1201.4567},
}


@article{AE:TOCL:09,
  author =	 {T. Arai and N. Eguchi},
  title =	 {A {N}ew {F}unction {A}lgebra of {EXPTIME}
                  {F}unctions by {S}afe {N}ested {R}ecursion},
  journal =	 tocl,
  volume =	 10,
  number =	 4,
  year =	 2009,
}

@INPROCEEDINGS{AE:WST:10,
  author =	 {M. Avanzini and N. Eguchi},
  keywords =	 {me,workshop},
  title =	 {{A New Path Order for Exponential Time}},
  booktitle =	 wst11,
  year =	 2010,
}

@INPROCEEDINGS{AE:DICE:14,
  author =	 {M. Avanzini and N. Eguchi},
  keywords =	 {me,workshop},
  title =	 {{A New Term Rewriting Characterisation of ETIME functions}},
  booktitle =	 dice5,
  year =	 2014,
}

@INPROCEEDINGS{ADM:DICE:15,
  author =	 {M. Avanzini and N. Eguchi},
  keywords =	 {me,workshop},
  title =	 {{Higher-Order Complexity Analysis: Harnessing First-Order Tools.}},
  booktitle =	 dice6,
  year =	 2015,
}

@INPROCEEDINGS{AEM:APLAS:12,
  author =	 {M. Avanzini and N. Eguchi and G. Moser},
  title =	 {{A New Order-theoretic Characterisation of the
                  Polytime Computable Functions}},
  keywords =	 {me,proceedings},
  booktitle =	 aplas10,
  year =	 2012,
  series =	 lncs,
  publisher =	 springer,
  pages =	 {280-295},
  volume =	 7705,
}

@article{AEM:ARXIV:12,
  author =	 "M. Avanzini and N. Eguchi and G. Moser",
  title =	 {{A New Order-theoretic Characterisation of the
                  Polytime Computable Functions}},
  journal =	 "CoRR",
  volume =	 {cs/CC/1201.2553},
  note =	 "Available
                  at~\url{http://www.arxiv.org/abs/1201.2553}",
  year =	 2012
}

@article{TR,
  author =	 "M. Avanzini and U. {Dal Lago} and A. Yamada",
  title =	 {{On Probabilistic Term Rewriting (Technical Report)}},
  journal =	 "CoRR",
  volume =	 {cs/CC/1802.09774},
  note =	 "Available
                  at~\url{http://www.arxiv.org/abs/1802.09774}",
  year =	 2018
}

@article{Techreport,
  author =	 "M. Avanzini and U. {Dal Lago}",
  title =	 {{Automating Sized Type Inference for Complexity Analysis (Technical Report)}},
  journal =	 "CoRR",
  pages  =       {1 -- 38},
  volume =	 {cs/CC/1706.09169},
  note =	 "Available at~\url{http://www.arxiv.org/abs/1706.09169}",
  year =	 2017
}

@INPROCEEDINGS{AEM:DICE:12,
  keywords =	 {me,workshop},
  author =	 "M. Avanzini and N. Eguchi and G. Moser",
  title =	 {{New Path Order that Induces Tight Polynomial
                  Derivation Lengths}},
  booktitle =	 dice3,
  note =	 {Extended abstract},
  year =	 2012
}

@INPROCEEDINGS{AEM:RTA:11,
  keywords =	 {me,proceedings},
  author =	 "M. Avanzini and N. Eguchi and G. Moser",
  title =	 {{A Path Order for Rewrite Systems that Compute
                  Exponential Time Functions}},
  booktitle =	 rta22,
  series =	 lipics,
  publisher =	 dagstuhl,
  volume =	 10,
  year =	 2011,
  pages =	 "123--138"
}

@inproceedings{AEM:WST:12,
  keywords =	 {me,workshop},
  author =	 "M. Avanzini and N. Eguchi and G. Moser",
  title =	 {{On a Correspondence between Predicative Recursion
                  and Register Machines}},
  note =	 "Available at
                  \url{http://cl-informatik.uibk.ac.at/users/georg/events/wst2012/}",
  booktitle =	 wst12,
  pages =	 "15--19",
  year =	 2012
}

@article{AG:TCS:00,
  author =	 {T. Arts and J. Giesl},
  title =	 {{Termination of Term Rewriting using Dependency
                  Pairs}},
  journal =	 tcs,
  volume =	 236,
  number =	 {1--2},
  year =	 2000,
  pages =	 {133--178},
}

@inproceedings{AM:FLOPS:08,
  author =	 {M. Avanzini and G. Moser},
  keywords =	 {proceedings,me},
  title =	 {Complexity {A}nalysis by {R}ewriting},
  booktitle =	 flops9,
  year =	 2008,
  series =	 lncs,
  publisher =	 springer,
  volume =	 4989,
  pages =	 {130--146},
}

@inproceedings{AM:FLOPS:10,
  keywords =	 {me,proceedings},
  author =	 {M. Avanzini and G. Moser},
  title =	 {Complexity {A}nalysis by {G}raph {R}ewriting},
  booktitle =	 flops10,
  year =	 2010,
  publisher =	 springer,
  series =	 lncs,
  volume =	 6009,
  pages =	 {257--271}
}

@inproceedings{ADLY:FLOPS:18,
 author    = "M. Avanzini and U. {Dal Lago} and A. Yamada",
 title     = {{On Probabilistic Term Rewriting}},
 booktitle = flops14,
 series    = lncs,
 volume    = "10818",
 year      = 2018,
 pages     = "132--148",
 publisher = springer,
}

@inproceedings{AM:FSTTCS:05,
  author =	 "T. Arai and G. Moser",
  title =	 {{Proofs of Termination of Rewrite Systems for
                  Polytime Functions}},
  booktitle =	 fsttcs15,
  series =	 lncs,
  publisher =	 springer,
  volume =	 3821,
  year =	 2005,
  pages =	 "529--540"
}

@INPROCEEDINGS{FAS:HART:13,
  author =	 {B. Felgenhauer and M. Avanzini and C. Sternagel},
  keywords =	 {me,workshop},
  title =	 {{A Haskell Library for Term Rewriting}},
  booktitle =	 hart1,
  year =	 2013,
}

@INPROCEEDINGS{AF:WST:14,
  author =	 {M. Avanzini and B. Felgenhauer},
  keywords =	 {me,workshop},
  title =	 {{Type Introduction for Runtime Complexity Analysis}},
  booktitle =	 wst14,
  year =	 2014,
}

@article{ZH:JFP:15,
  author    = {J. Hoffmann and
               Z. Shao},
  title     = {{Type-based Amortized Resource Analysis with Integers and Arrays}},
  journal   = jfp,
  pages     = {e17},
  volume    = {25},
  year      = {2015},
}

@inproceedings{HZ:ESOP:15,
  author    = {J. Hoffmann and
               Z. Shao},
  title     = {{Automatic Static Cost Analysis for Parallel Programs}},
  booktitle = esop24,
  pages     = {132--157},
  year      = {2015},
  series    = lncs,
  volume    = {9032},
  publisher = springer,
  address =      heidelberg,
}

@article{AM:IC:01,
  author =	 {A. Asperti and H. G. Mairson},
  title =	 {{Parallel Beta Reduction Is Not Elementary
                  Recursive}},
  journal =	 ic,
  volume =	 170,
  number =	 1,
  year =	 2001,
  pages =	 {49-80},
}


@inproceedings{SJ:APLAS:05,
  author    = {D. Sereni and
               N.~D. Jones},
  title     = {{Termination Analysis of Higher-Order Functional Programs}},
  booktitle = aplas3,
  year      = {2005},
  pages     = {281-297},
  publisher = springer,
  series    = lncs,
  volume    = {3780},
  year      = {2005},
}


@article{MM:TCS:01,
  author    = {A. McIver and
               C. Morgan},
  title     = {{Partial Correctness for Probabilistic Demonic Programs}},
  journal   = tcs,
  volume    = {266},
  number    = {1-2},
  pages     = {513--541},
  year      = {2001},
}

@article{Kozen:JCSC:85,
title = {{A Probabilistic PDL}},
journal = jcsc,
volume = "30",
number = "2",
pages = "162 - 178",
year = "1985",
doi = "10.1016/0022-0000(85)90012-1",
author = "D. Kozen",
}

@article{Kozen81,
  author    = {D.~Kozen},
  title     = {{Semantics of Probabilistic Programs}},
  journal   = {J. Comput. Syst. Sci.},
  volume    = {22},
  number    = {3},
  pages     = {328--350},
  year      = {1981},
}

@inproceedings{KO:RTA:11,
  author    = {J. Kochems and L. Ong},
  title     = {{Improved Functional Flow and Reachability Analyses Using Indexed Linear
               Tree Grammars}},
  booktitle = rta22,
  pages     = {187--202},
  year      = {2011},
  series    = lipics,
  volume    = {10},
  publisher = dagstuhl,
}




@article{JB:LMCS:08,
  author    = {N. D. Jones and
               N. Bohr},
  title     = {{Call-by-Value Termination in the Untyped lambda-Calculus}},
  journal   = lmcs,
  volume    = {4},
  number    = {1},
  year      = {2008},
}


@inproceedings{MB:TACAS:08,
  author    = {L. {Mendon{\c{c}}a de Moura} and
               N. Bj{\o}rner},
  title     = {{Z3: An Efficient SMT Solver}},
  booktitle = tacas14,
  pages     = {337--340},
  year      = {2008},
  series    = lncs,
  volume    = {4963},
  publisher = springer,
  address   = heidelberg
}

@inproceedings{ZM:LPAR:10,
  author    = {H. Zankl and
               A. Middeldorp},
  title     = {{Satisfiability of Non-linear (Ir)rational Arithmetic}},
  booktitle = lpar16,
  pages     = {481--500},
  year      = {2010},
  series    = lncs,
  volume    = {6355},
  publisher = springer,
  address =      heidelberg,
}

@article{ZK:LMCS:14,
  author    = {H. Zankl and M. Korp},
  title     = {{Modular Complexity Analysis for Term Rewriting}},
  journal   = lmcs,
  volume    = {10},
  number    = {1:19},
  year      = {2014},
  pages     = {1-33}
}

@article{AEM:TCS:15,
  author    = {M. Avanzini and N. Eguchi and G. Moser},
  title     = {{A new Order-theoretic Characterisation of the Polytime Computable
               Functions}},
  journal   = tcs,
  publisher = elsevier,
  volume    = {585},
  pages     = {3--24},
  year      = {2015},
}

@article{AM:LMCS:13,
  author =	 {M. Avanzini and G. Moser},
  keywords =	 {me,journal},
  title =	 {{Polynomial Path Orders}},
  journal =	 lmcs,
  publisher = dagstuhl,
  volume =	 9,
  number =	 4,
  year =	 2013
}


@article{ADL:IC:15,
  author =	 {M. Avanzini and U. {Dal Lago}},
  keywords =	 {me,journal},
  title =	 {{On Sharing, Memoization, and Polynomial Time}},
  journal =	 ic,
  publisher = elsevier,
  year =	 2015
}

@article{AM:IC:16,
  author =	 {M. Avanzini and G. Moser},
  keywords =	 {me,journal},
  title =	 {{A Combination Framework for Complexity}},
  journal =	 ic,
  volume    = {248},
  pages     = {22--55},
  year      = {2016},
}


@INPROCEEDINGS{AM:RTA:09,
  author =	 "M. Avanzini and G.Moser",
  keywords =	 {me,proceedings},
  title =	 {{Dependency Pairs and Polynomial Path Orders}},
  booktitle =	 rta20,
  volume =	 5595,
  series =	 lncs,
  publisher =	 springer,
  address =      heidelberg,
  pages =	 {48--62},
  year =	 2009
}

@inproceedings{AM:RTA:10,
  keywords =	 {me,proceedings},
  author =	 {M. Avanzini and G. Moser},
  title =	 {{Closing the Gap Between Runtime Complexity and
                  Polytime Computability}},
  booktitle =	 rta21,
  pages =	 {33--48},
  series =	 lipics,
  publisher =	 dagstuhl,
  address=saarbruecken,
  volume =	 6,
  year =	 2010,
}

@inproceedings{AM:RTA:13,
  keywords =	 {me,proceedings},
  author =	 "M. Avanzini and G. Moser",
  title =	 {{A Combination Framework for Complexity}},
  booktitle =	 rta24,
  series =	 lipics,
  publisher =	 dagstuhl,
  volume =	 21,
  pages =	 {55--70},
  year =	 2013
}

@inproceedings{AM:RTA:15,
  keywords =	 {me,proceedings},
  author =	 "M. Avanzini and C. Sternagel and R. Thiemann",
  title =	 {{Certification of Complexity Proofs using CeTA}},
  booktitle =	 rta26,
  series =	 lipics,
  publisher =	 dagstuhl,
  volume =	 36,
  pages =	 {23--39},
  year =	 2015
}

@inproceedings{AM:RTA:13b,
  keywords =	 {me,proceedings},
  author =	 "M. Avanzini and G. Moser",
  title =	 {{Tyrolean Complexity Tool: Features and Usage}},
  booktitle =	 rta24,
  series =	 lipics,
  publisher =	 dagstuhl,
  volume =	 21,
  pages =	 {71-80},
  year =	 2013
}

@inproceedings{AST:RTA:15,
  keywords =	 {me,proceedings},
  author =	 "M. Avanzini and C. Sternagel and R. Thiemann",
  title =	 {{Certification of Complexity Proofs using CeTA}},
  booktitle =	 rta26,
  series =	 lipics,
  publisher =	 dagstuhl,
  volume =	 36,
  pages =	 {23--39},
  year =	 2015
}


@INPROCEEDINGS{AM:WST:09,
  author =	 {M. Avanzini and G. Moser},
  keywords =	 {me,workshop},
  title =	 {{Polynomial Path Orders and the Rules of Predicative
                  Recursion with Parameter Substitution}},
  booktitle =	 wst10,
  pages =	 {16-20},
  year =	 2009,
}



@article{MS:LMCS:11,
  author    = {G. Moser and
               A. Schnabl},
  title     = {{The Derivational Complexity Induced by the Dependency Pair
               Method}},
  journal   = lmcs,
  volume    = {7},
  number    = {3},
  year      = {2011},
}


@inproceedings{AMS:IJCAR:08,
  author =	 {M. Avanzini and G. Moser and A. Schnabl},
  keywords =	 {me,proceedings},
  title =	 {{Automated Implicit Computational Complexity
                  Analysis (System Description)}},
  booktitle =	 ijcar4,
  year =	 2008,
  pages =	 {132-138},
  publisher =	 springer,
  series =	 lncs,
  volume =	 5195,
  year =	 2008,
}

@INPROCEEDINGS{AMS:TACAS:16,
  author =	 {M. Avanzini and G. Moser and M. Schaper},
  title =	 {{TcT: Tyrolean Complexity Tool}},
  keywords =	 {me,proceedings},
  booktitle =	 tacas22,
  year =	 2016,
  series =	 lncs,
  pages     = {407--423},
  publisher =	 springer,
    address =      heidelberg,
}

@inproceedings{AMS:WST:13,
  author =	 "M. Avanzini and M. Schaper and G. Moser",
  keywords =	 {me,workshop},
  title =	 {{Small Polynomial Path Orders in TcT}},
  note =	 "Available at
                  \url{http://www.imn.htwk-leipzig.de/WST2013/}",
  booktitle =	 wst12,
  pages =	 "3--7",
  year =	 2013
}

@article{AR:TOCL:02,
  author =	 {A. Asperti and L. Roversi},
  title =	 {{Intuitionistic Light Affine Logic}},
  journal =	 tocl,
  volume =	 3,
  number =	 1,
  year =	 2002,
  pages =	 {137-175},
}

@phdthesis{AS:12,
  author =	 "A. Schnabl",
  title =	 {{Derivational Complexity Analysis Revisited}},
  school =	 "University of Innsbruck",
  note =	 {{Available at
                  \url{http://cl-informatik.uibk.ac.at/research/}.}},
  year =	 2012
}

@phdthesis{Shivers:91,
  author =	 "O. Shivers",
  title =	 {{Control-Flow Analysis of Higher-Order Languages}},
  school =	 "Carnegie Mellon University",
  year =	 1991
}


@inproceedings{AY:FROCOS:09,
  author =	 {T. Aoto and T. Yamada},
  title =	 {{Argument Filterings and Usable Rules for Simply
                  Typed Dependency Pairs}},
  booktitle =	 frocos7,
  year =	 2009,
  pages =	 {117-132},
  publisher =	 springer,
  series =	 lncs,
  volume =	 5749,
  year =	 2009,
}

@inproceedings{AY:RTA:03,
  author =	 {T. Aoto and T. Yamada},
  title =	 {{Termination of Simply Typed Term Rewriting by
                  Translation and Labelling}},
  booktitle =	 rta14,
  year =	 2003,
  pages =	 {380-394},
  publisher =	 springer,
  series =	 lncs,
  volume =	 2706,
}

@inproceedings{AY:RTA:05,
  author =	 {T. Aoto and T. Yamada},
  title =	 {{Dependency Pairs for Simply Typed Term Rewriting}},
  booktitle =	 rta16,
  year =	 2005,
  pages =	 {120--134},
  publisher =	 springer,
  series =	 lncs,
  volume =	 3467,
  year =	 2005,
}

@TECHREPORT{Aczel:78,
  author =	 {D.S. Lankford},
  title =	 {{A General Church-Rosser Theorem}},
  institution =	 {University of Manchester},
  year =	 1978,
}

@INPROCEEDINGS{AraiMoser:2004,
  author =	 {T. Arai and G. Moser},
  title =	 {{A note on a term rewriting characterization of
                  PTIME}},
  booktitle =	 wst7,
  year =	 2004,
  pages =	 {10--13},
  publisher =	 {number AIB-2004-07 of Aachener Informatik-Berichte},
  note =	 {Extended abstract}
}

@article{Asperti:FI:95,
  author =	 {A. Asperti},
  title =	 {{Linear Logic, Comonads and Optimal Reduction}},
  journal =	 fi,
  volume =	 22,
  number =	 {1/2},
  year =	 1995,
  pages =	 {3-22},
}

@phdthesis{Avanzini:Diss:13,
  author =	 "M. Avanzini",
  keywords =	 {me,thesis},
  title =	 {{Verifying Polytime Computability Automatically}},
  school =	 "University of Innsbruck",
  year =	 2013
}

@phdthesis{Bellantoni:Diss:92,
  author =	 "S. Bellantoni",
  title =	 {{Predicative Recursion and Computational Complexity}},
  school =	 "University of Toronto",
  year =	 1992
}


@inproceedings{Avanzini:ESSLLI:10,
  author =	 {M. Avanzini},
  keywords =	 {me,proceedings},
  title =	 {{POP* and Semantic Labeling Using SAT}},
  pages =	 {155-166},
  booktitle =	 {Interfaces: Explorations in Logic, Language and
                  Computation, ESSLLI 2008 and ESSLLI 2009 Student
                  Sessions. Selected Papers},
  publisher =	 springer,
  series =	 lncs,
  volume =	 6211,
  year =	 2010,
}

@MastersThesis{Avanzini:Master:09,
  author =	 "M. Avanzini",
  keywords =	 {me,thesis},
  title =	 {{Automation of Polynomial Path Orders}},
  school =	 "University of Innsbruck",
  year =	 2009,
  note =	 {Available at
                  \url{http://cl-informatik.uibk.ac.at/users/zini/publications/}}
}

@ARTICLE{B:APAL:95,
  author =	 {W. Buchholz},
  title =	 {{Proof-theoretic Analysis of Termination Proofs}},
  journal =	 apal,
  year =	 1995,
  volume =	 75,
  pages =	 {57--65}
}

@article{BC:CC:92,
  author =	 "S. Bellantoni and S. Cook",
  title =	 {{A new Recursion-Theoretic Characterization of the
                  Polytime Functions}},
  journal =	 cc,
  year =	 1992,
  volume =	 2,
  pages =	 {97--110},
  number =	 2
}




@inproceedings{WFGCQS:PLDI:19,
  author    = {P. Wang and
               H. Fu and
               A.~K. Goharshady and
               K. Chatterjee and
               X. Qin and
               W. Shi},
  title     = {{Cost Analysis of Nondeterministic Probabilistic Programs}},
  booktitle = pldi40,
  pages     = {204--220},
  year      = {2019},
  publisher = acm,
}


@ARTICLE{BCMT:JFP:2001,
  author =	 {G. Bonfante and A. Cichon and J.-Y. Marion and
                  H. Touzet},
  title =	 {{Algorithms with Polynomial Interpretation
                  Termination Proof}},
  journal =	 JFP,
  year =	 2001,
  volume =	 11,
  pages =	 {33--53},
  number =	 1
}

@inproceedings{BEGKPS:PARLE:87,
  author =	 {H.~P. Barendregt and M.~v. Eekelen and
                  J.~R.~W. Glauert and J.~R. Kennaway and
                  M.~J. Plasmeijer and M.~R. Sleep},
  title =	 {{T}erm {G}raph {R}ewriting},
  booktitle =	 parle2,
  year =	 1987,
  series =	 lncs,
  volume =	 259,
  pages =	 {141--158},
  publisher =	 springer,
}

@article{Girard:IC:98,
  author    = {J.-Y. Girard},
  title     = {{Light Linear Logic}},
  journal   = ic,
  volume    = {143},
  number    = {2},
  year      = {1998},
  pages     = {175-204},
}

@article{LH:LMCS:10,
  author    = {U. {Dal Lago} and
               M. Hofmann},
  title     = {{Bounded Linear Logic, Revisited}},
  journal   = lmcs,
  volume    = {6},
  number    = {4},
  year      = {2010},
}


@article{GSS:TCS:97,
  author    = {J.-Y. Girard and
               A. Scedrov and
               P.~J. Scott},
  title     = {{Bounded Linear Logic: A Modular Approach to Polynomial-Time
               Computability}},
  journal   = tcs,
  volume    = {97},
  number    = {1},
  year      = {1992},
  pages     = {1-66},
}

@article{WEEA:ATECS:08,
author = {R. Wilhelm and J. Engblom and A. Ermedahl and N. Holsti and S. Thesing
          and  D. Whalley and G. Bernat and C. Ferdinand and R. Heckmann and T. Mitra and F. Mueller
          and I. Puaut and P. Puschner and J. Staschulat and P. Stenstrom},
title = {{The Worst Case Execution Time Problem - Overview of Methods and Survey of Tools}},
 journal = tecs,
 publisher = acm,
 volume = 7,
 number = 3,
 pages = {1--53},
 year = {2008},
}


@article{LG:LMCS:11,
  author    = {U. {Dal Lago} and
               M. Gaboardi},
  title     = {{Linear Dependent Types and Relative Completeness}},
  journal   = lmcs,
  volume    = {8},
  pages     = {1--44},
  number    = {4},
  year      = {2011},
}

@inproceedings{BGM:ESOP:10,
  author =	 {P. Baillot and M. Gaboardi and V. Mogbil},
  title =	 {{A PolyTime Functional Language from Light Linear
                  Logic}},
  year =	 2010,
  pages =	 {104-124},
  booktitle =	 esop19,
  publisher =	 springer,
  series =	 lncs,
  volume =	 6012,
}

@article{BJO:TCS:02,
  author =	 {F. Blanqui and J.-P. Jouannaud and M. Okada},
  title =	 {{Inductive-data-type Systems}},
  journal =	 tcs,
  volume =	 272,
  number =	 {1-2},
  year =	 2002,
  pages =	 {41--68},
}

@inproceedings{BJR:CSL:08,
  author =	 {F. Blanqui and J-P. Jouannaud and A. Rubio},
  title =	 {{The Computability Path Ordering: The End of a
                  Quest}},
  booktitle =	 csl17,
  year =	 2008,
  pages =	 {1-14},
  publisher =	 springer,
  series =	 lncs,
  volume =	 5213,
  year =	 2008,
}

@article{BK:JFCS:12,
  author =	 {A.~M. Ben-Amram and L. Kristiansen},
  title =	 {{On the Edge of Decidability in Complexity Analysis
                  of Loop Programs}},
  journal =	 jfcs,
  volume =	 23,
  number =	 7,
  year =	 2012,
  pages =	 {1451-1464},
}

@inproceedings{BL:CSL:12,
  author =	 {P. Baillot and U. {Dal Lago}},
  title =	 {{Higher-Order Interpretations and Program
                  Complexity}},
  year =	 2012,
  pages =	 {62-76},
  booktitle =	 csl26,
  publisher =	 dagstuhl,
  series =	 lipics,
  volume =	 16,
  year =	 2012,
}


@TechReport{wpars,
  keywords =	 {me,report},
  author = 	 {M. Avanzini and A. Yamada},
  title = 	 {{Weighted Rewriting}},
  institution =  {NII and INRIA},
  year = 	 {2020},
}


@TechReport{AHMM:TR:07,
  keywords =	 {me,report},
  author = 	 {M. Avanzini and N. Hirokawa and A. Middeldorp and G. Moser},
  title = 	 {Towards an Automatic Runtime Complexity Analysis of Scheme Programs by Rewriting},
  institution =  {University of Innsbruck},
  year = 	 {2007},
  note = 	 {Available at \url{http://cl-informatik.uibk.ac.at/users/zini/publications/}},
}

@inproceedings{ADY:FLOPS:18,
  author    = {Martin Avanzini and
               Ugo Dal Lago and
               Akihisa Yamada},
  title     = "On Probabilistic Term Rewriting",
  booktitle = flops14,
  pages     = {132--148},
  year      = {2018},
  series    = lncs,
  volume    = {10818},
  publisher = springer,
}


@article{ADY:SCP:19,
  author    = {M. Avanzini and
               U. {Dal Lago} and
               A. Yamada},
  title     = {On Probabilistic Term Rewriting},
  journal = {SCP},
  pages     = 102338,
  volume    = 185,
  year      = 2019,
  publisher = elsevier,
}



@inproceedings{Monniaux:SAS:01,
  author    = {David Monniaux},
  title     = {{An Abstract Analysis of the Probabilistic Termination of Programs}},
  booktitle = sas8,
  pages     = {111--126},
  year      = {2001},
  series    = lncs,
  volume    = {2126},
  publisher = springer,
}



@inproceedings{ADG:LICS:19,
  author = {M. Avanzini and U. {Dal Lago} and A. Ghyselen},
  title = {{Type-Based Complexity Analysis of Probabilistic Functional Programs}},
  booktitle = lics34,
  pages     = {1--13},
  publisher = {{IEEE}},
  year      = {2019},
}

@TechReport{AD:TR:14,
  keywords =	 {me,report},
  author = 	 {M. Avanzini and U. {Dal Lago}},
  title = 	 {{On Sharing, Memoization, and Polynomial Time}},
  institution =  {University of Bologna},
  year = 	 {2014},
  note = 	 {Available at \url{http://eternal.cs.unibo.it/smpt.pdf}},
}

@inproceedings{DLR:ICFP:15,
  author    = {N. Danner and
               D.~R. Licata and
               Ramyaa},
  title     = {{Denotational Cost Semantics for Functional Languages with Inductive Types}},
  booktitle = icfp20,
  pages     = {140--151},
  year      = {2015},
  publisher = acm,
  address =   ny,
}

@inproceedings{ADM:ICFP:15,
  author    = {M. Avanzini and U. {Dal Lago} and G. Moser},
  title     = {{Analysing the Complexity of Functional Programs: Higher-Order Meets First-Order}},
  booktitle = icfp20,
  year      = 2015,
  pages     = {152--164},
  publisher = acm,
  address   = ny
}


@inproceedings{AD:STACS:15,
  author    = {M. Avanzini and U. {Dal Lago}},
  title     = {{On Sharing, Memoization, and Polynomial Time}},
  booktitle = stacs32,
  pages     = {62--75},
  year      = 2015,
  series    = lipics,
  volume    = {30},
  publisher = dagstuhl,
}

@inproceedings{TG:RTA:03,
  author    = {R. Thiemann and
               J. Giesl},
  title     = {{Size-Change Termination for Term Rewriting}},
  booktitle = rta14,
  pages     = {264-278},
  publisher = springer,
  series    = lncs,
  volume    = {2706},
  year      = {2003},
}


@InProceedings{LJB:POPL:01,
 author = {C.~S. Lee and N.~D. Jones and A.~M. Ben-Amram},
 title = {{The Size-change Principle for Program Termination}},
 booktitle = popl28,
 year = {2001},
 pages = {81--92},
 publisher = acm,
}

@inproceedings{FGMSTZ:RTA:08,
  author    = {C. Fuhs and
               J. Giesl and
               A. Middeldorp and
               P. Schneider{-}Kamp and
               R. Thiemann and
               H. Zankl},
  title     = {{Maximal Termination}},
  booktitle = rta19,
  pages     = {110--125},
  year      = {2008},
  volume    = {5117},
  publisher = springer,
  address =      heidelberg,
}

@inproceedings{AAGP:SAS:08,
 author = {E. Albert and P. Arenas and S. Genaim and G. Puebla},
 title = {{Automatic Inference of Upper Bounds for Recurrence Relations in Cost Analysis}},
 booktitle = sas15,
 year = {2008},
 pages = {221--237},
 publisher = springer,
 address = heidelberg
}


@inproceedings{ADFG:SAS:10,
  author    = {C. Alias and
               A. Darte and
               P. Feautrier and
               L. Gonnord},
  title     = {{Multi-dimensional Rankings, Program Termination, and Complexity Bounds of Flowchart Programs}},
  booktitle = {Proc.\ \nth{17} SAS},
  year      = {2010},
  pages     = {117-133},
  series    = lncs,
  volume    = {6337},
}


@inproceedings{KJ:CIE:05,
  author    = {L. Kristiansen and
               N.~D. Jones},
  title     = {{The Flow of Data and the Complexity of Algorithms}},
  booktitle = cie1,
  year      = {2005},
  pages     = {263-274},
  publisher = springer,
  series    = lncs,
  volume    = {3526},
  year      = {2005},
}



@article{JK:TOCL:09,
  author    = {N.~D. Jones and
               L. Kristiansen},
  title     = {{A Flow Calculus of {\it mwp}-Bounds for Complexity Analysis}},
  journal   = tocl,
  volume    = {10},
  number    = {4},
  year      = {2009},
}


@inproceedings{BM:LPAR:10,
  author =	 {G. Bonfante and G. Moser},
  title =	 {{Characterising Space Complexity Classes via
                  Knuth-Bendix Orders}},
  booktitle =	 lpar17,
  year =	 2010,
  series =	 lncs,
  publisher =	 springer,
  volume =	 6397,
  pages =	 {142-156}
}



@inproceedings{AD:CSL:14,
  author    = {B. Accattoli and
               U. {Dal Lago}},
  title     = {{Beta Reduction is Invariant, Indeed}},
  booktitle = csl23,
  publisher = acm,
  year      = {2014},
  pages     = {8:1--8:10},
}

@proceedings{DBLP:conf/csl/2014,
  editor    = {Thomas A. Henzinger and
               Dale Miller},
  title     = {Joint Meeting of the Twenty-Third {EACSL} Annual Conference on Computer
               Science Logic {(CSL)} and the Twenty-Ninth Annual {ACM/IEEE} Symposium
               on Logic in Computer Science (LICS), {CSL-LICS} '14, Vienna, Austria,
               July 14 - 18, 2014},
  year      = {2014},
  publisher = {{ACM}},
  url       = {http://dl.acm.org/citation.cfm?id=2603088},
  isbn      = {978-1-4503-2886-9},
  timestamp = {Fri, 19 Sep 2014 11:04:14 +0200},
  biburl    = {http://dblp.uni-trier.de/rec/bib/conf/csl/2014},
  bibsource = {dblp computer science bibliography, http://dblp.org}
}


@article{BMM:TCS:11,
  author =	 {G. Bonfante and J.-Y. Marion and J.-Y. Moyen},
  title =	 {{Quasi-interpretations: A Way to Control Resources}},
  journal =	 tcs,
  year =	 2011,
  volume =	 412,
  number =	 25,
  pages =	 {2776-2796}
}

@inproceedings{BMP:ICTAC:07,
  author =	 {G. Bonfante and J.-Y. Marion and R. P{\'e}choux},
  title =	 {{Quasi-interpretation Synthesis by Decomposition and an
                  Application to Higher-order Programs}},
  booktitle =	 ictac4,
  series =	 lncs,
  volume =	 4711,
  year =	 2007,
  pages =	 {410--424},
  publisher =	 springer,
}

@article{Pechoux:TCS:13,
  author    = {R. {P{\'{e}}choux}},
  title     = {{Synthesis of Sup-interpretations: A Survey}},
  journal   = tcs,
  volume    = {467},
  pages     = {30--52},
  year      = {2013},
}


@article{BMR09,
  author =	 {P. Baillot and J.-Y. Marion and S. Ronchi Della
                  Rocca},
  title =	 {{Guest Editorial: Special Issue on Implicit
                  Computational Complexity}},
  journal =	 tocl,
  volume =	 10,
  number =	 4,
  year =	 2009,
}

@book{BN:1998,
  author =	 "F. Baader and T. Nipkow",
  title =	 {{Term Rewriting and All That}},
  publisher =	 "Cambridge University Press",
  year =	 1998
}

@article{BNS:APAL:00,
  author =	 {S. Bellantoni and K.-H. Niggl and H. Schwichtenberg},
  title =	 {{Higher Type Recursion, Ramification and Polynomial
                  Time}},
  journal =	 apal,
  volume =	 104,
  number =	 {1-3},
  year =	 2000,
  pages =	 {17-30},
}

@article{BT:IC:09,
  author =	 {P. Baillot and K. Terui},
  title =	 {{Light types for Polynomial Time Computation in
                  Lambda Calculus}},
  journal =	 ic,
  volume =	 207,
  number =	 1,
  year =	 2009,
  pages =	 {41-62},
}

@article{BW:AML:96,
  author =	 "A. Beckmann and A. Weiermann",
  title =	 {{A Term Rewriting Characterization of the Polytime
                  Functions and Related Complexity Classes}},
  journal =	 aml,
  volume =	 36,
  year =	 1996,
  pages =	 "11--30"
}

@article{Benzinger:TCS:04,
  author =	 {R. Benzinger},
  title =	 {{Automated Higher-order Complexity Analysis}},
  journal =	 tcs,
  volume =	 318,
  number =	 {1-2},
  year =	 2004,
  pages =	 {79-103},
}

@incollection{Boas:TCS:90,
  author =	 {P. Van~Emde Boas},
  title =	 {{Machine Models and Simulation}},
  booktitle =	 {Handbook of Theoretical Computer Science, Volume A:
                  Algorithms and Complexity (A)},
  publisher =	 mit,
  year =	 1990,
  pages =	 {1-66},
}

@article{CW:APAL:97,
  author =	 {E.~A. Cichon and A. Weiermann},
  title =	 {{Term Rewriting Theory for the Primitive Recursive
                  Functions}},
  journal =	 apal,
  volume =	 83,
  number =	 3,
  year =	 1997,
  pages =	 {199-223},
  bibsource =	 {DBLP, http://dblp.uni-trier.de}
}

@inproceedings{CW:POPL:00,
  author =	 {K. Crary and S. Weirich},
  title =	 {{Resource Bound Certification}},
  booktitle =	 popl27,
  year =	 2000,
  pages =	 {184-198},
  publisher =	 acm,
  address = ny
}

@InProceedings{Cobham:ICLMPS:64,
  author =	 {A. Cobham},
  title =	 {{The Intrinsic Computational Difficulty of
                  Functions}},
  booktitle =	 iclmps64,
  year =	 1964,
  pages =	 {24--30}
}

@article{DK:TCS:96,
  author =	 {R. {Di Cosmo} and D. Kesner},
  title =	 {{Combining Algebraic Rewriting, Extensional Lambda
                  Calculi, and Fixpoints}},
  journal =	 tcs,
  volume =	 169,
  number =	 2,
  year =	 1996,
  pages =	 {201--220},
}

@ARTICLE{DM:CACM:79,
  author =	 {N. Dershowitz and Z. Manna},
  title =	 {{Proving Termination with Multiset Orderings}},
  journal =	 cacm,
  year =	 1979,
  volume =	 22,
  pages =	 {465--476},
  number =	 8
}

@ARTICLE{Plump:ENTCS:01,
  author =	 {D. Plump},
  title =	 "{E}ssentials of {T}erm {G}raph {R}ewriting",
  journal =	 entcs,
  volume =	 51,
  year =	 2001,
  pages =	 {277--289},
}

@inproceedings{AKAL:APLAS:05,
  author    = {H. Anderson and
               S.-C. Khoo and
               S. Andrei and
               B. Luca},
  title     = {{Calculating Polynomial Runtime Properties}},
  booktitle = aplas3,
  year      = {2005},
  pages     = {230-246},
}


@MastersThesis{Frederiksen:Master:02,
  author = 	 {C.~C. Frederiksen},
  title = 	 {Automatic Runtime Analysis for First Order Functional Programs},
  school = 	 {University of Copenhagen},
  year = 	 {2002},
}

@article{DR:LMCS:07,
  author    = {N. Danner and J.~S. Royer},
  title     = {{Adventures in Time and Space}},
  journal   = lmcs,
  volume    = {3},
  number    = {1},
  year      = {2007},
}

@inproceedings{DPR:PLPV:13,
  author =	 {N. Danner and J. Paykin and J.~S. Royer},
  title =	 {{A Static Cost Analysis for a Higher-order
                  Language}},
  year =	 2013,
  pages =	 {25-34},
  booktitle =	 plpv7,
  publisher =	 acm,
  year =	 2013,
}

@article{DalLago:TOCL:09,
  author =	 {U. {Dal Lago}},
  title =	 {{Context Semantics, Linear Logic, and Computational
                  Complexity}},
  journal =	 tocl,
  volume =	 10,
  number =	 4,
  year =	 2009,
}

@article{E:MLQ:09,
  author =	 {N. Eguchi},
  title =	 {A {L}exicographic {P}ath {O}rder with {S}low
                  {G}rowing {D}erivation {B}ounds},
  journal =	 mlq,
  volume =	 55,
  number =	 2,
  year =	 2009,
  pages =	 {212--224},
}

@INPROCEEDINGS{ES:03,
  author =	 {N. E{\`e}n and N. S{\~o}rensson},
  title =	 {An {E}xtensible {S}{A}{T}-Solver},
  booktitle =	 sat6,
  year =	 2003,
  volume =	 2919,
  series =	 lncs,
  publisher =	 springer,
  pages =	 {272--286}
}

@ARTICLE{EWZ:JAR:08,
  author =	 {J. Endrullis and J. Waldmann and H. Zantema},
  title =	 {Matrix Interpretations for Proving Termination of
                  Term Rewriting},
  journal =	 jar,
  year =	 2008,
  volume =	 40,
  pages =	 {195-220},
  number =	 3
}

@inproceedings{FK:09,
  author =	 {S. Falke and D. Kapur},
  title =	 {{A Term Rewriting Approach to the Automated
                  Termination Analysis of Imperative Programs}},
  booktitle =	 cade22,
  year =	 2009,
  publisher =	 springer,
  series =	 lncs,
  volume =	 5663,
  year =	 2009,
}

@InProceedings{FK:RTA:12,
  author =	 {C. Fuhs and C. Kop},
  title =	 {{Polynomial Interpretations for Higher-Order
                  Rewriting}},
  booktitle =	 rta23,
  pages =	 {176--192},
  series =	 lipics,
  year =	 2012,
  volume =	 15,
  publisher =	 dagstuhl,
}

@PhdThesis{Ferreira:1995,
  author =	 "M.C.~F. Ferreira",
  title =	 {{Termination of Term Rewriting. Well-foundedness,
                  Totality and Transformations}},
  school =	 {University of Utrecht, Faculty for Computer Science},
  year =	 1995
}

@ARTICLE{GAO:JSC:02,
  author =	 {J. Giesl and T. Arts and E. Ohlebusch},
  title =	 {{Modular Termination Proofs for Rewriting Using
                  Dependency Pairs}},
  journal =	 jsc,
  year =	 2002,
  volume =	 34,
  pages =	 {21--58},
  owner =	 {c703309},
  timestamp =	 {2007.04.18}
}

@INPROCEEDINGS{GHWZ:RTA:05,
  author =	 {A. Geser and D. Hofbauer and J. Waldmann and
                  H. Zantema},
  title =	 {{On Tree Automata that Certify Termination of
                  Left-Linear Term Rewriting Systems}},
  booktitle =	 rta16,
  year =	 2005,
  number =	 3467,
  series =	 lncs,
  pages =	 {353--367},
  publisher =	 springer,
}

@inproceedings{GMC:POPL:09,
  author =	 {S. Gulwani and K.K. Mehra and T.M. Chilimbi},
  title =	 {{SPEED: Precise and Efficient Static Estimation of
                  Program Computational Complexity}},
  booktitle =	 popl36,
  year =	 2009,
  pages =	 {127-139},
  publisher =	 {ACM},
}

@article{GMR:ENTCS:08,
  author =	 {M. Gaboardi and J.-Y. Marion and S. {Ronchi Della
                  Rocca}},
  title =	 {{Soft Linear Logic and Polynomial Complexity
                  Classes}},
  journal =	 entcs,
  volume =	 205,
  year =	 2008,
  pages =	 {67-87},
}

@inproceedings{GS:WRS:09,
  author =	 {B. Gramlich and F. Schernhammer},
  title =	 {{Extending Context-Sensitivity in Term Rewriting}},
  booktitle =	 wrs9,
  year =	 2009,
  series =	 eptcs,
  pages =	 {56--68},
}


@article{Gramlich:FI:95,
   author    = {B. Gramlich},
   title     = {{Abstract Relations between Restricted Termination and
		  Confluence Properties of Rewrite Systems}},
   journal   = FI,
   pages     = {3--23},
   year      = {1995},
   volume    = 24,
}


@inproceedings{GSSEF:PPDP:12,
  author =	 {J. Giesl and T. Str{\"o}der and P. Schneider-Kamp
                  and F. Emmes and C. Fuhs},
  title =	 {{Symbolic Evaluation Graphs and Term Rewriting: A
                  General Methodology for Analyzing Logic Programs}},
  year =	 2012,
  pages =	 {1-12},
  booktitle =	 ppdp14,
  publisher =	 acm,
}

@article{GTSKF:JAR:06,
  author =	 {J.  Giesl and R. Thiemann and P. Schneider-Kamp and
                  S. Falke},
  title =	 {{Mechanizing and Improving Dependency Pairs}},
  journal =	 jar,
  volume =	 37,
  number =	 3,
  year =	 2006,
  pages =	 {155--203},
  publisher =	 springer,
}

@inproceedings{Gramlich:RTA:96,
  author =	 {B. Gramlich},
  title =	 {{On Proving Termination by Innermost Termination}},
  booktitle =	 rta7,
  publisher =	 springer,
  series =	 lncs,
  year =	 1996,
  pages =	 {93-107},
}



@article{AGM:TOCL:13,
  author    = {E. Albert and
               S. Genaim and
               A.~N. Masud},
  title     = {{On the Inference of Resource Usage Upper and Lower Bounds}},
  journal   = tocl,
  volume    = {14},
  number    = {3},
  year      = {2013},
  pages     = {22(1--35)},
}

@inproceedings{GZ:PLDI:10,
  author    = {S. Gulwani and
               F. Zuleger},
  title     = {{The Reachability-Bound Problem}},
  booktitle = pldi10,
  year      = {2010},
  pages     = {292-304},
  publisher = {ACM},
}

@phdthesis{Gurr:Diss:91,
  author =	 "D.~J. Gurr",
  title =	 {{Semantic Frameworks for Complexity}},
  school =	 "University of Edinburgh",
  year =	 91
}

@phdthesis{Vasconcelos:Diss:08,
  author =	 "P. Vasconcelos",
  title =	 {{Space Cost Analysis Using Sized Types}},
  school =	 "School of Computer Science, University of St Andrews",
  year =	 2008
}

@inproceedings{PR04,
  author    = {A.~Podelski and A.~Rybalchenko},
  title     = {{A Complete Method for the Synthesis of Linear Ranking Functions}},
  booktitle = vmcai5,
  publisher = acm,
  address =  ny,
  pages     = {239--251},
  year      = {2004},
}


@article{AAGPR14,
  author    = {E. Albert and
               P. Arenas and
               S. Genaim and
               G. Puebla and
               G. Rom{\'{a}}n{-}D{\'{\i}}ez},
  title     = {{C}onditional {T}ermination of {L}oops over {H}eap-allocated {D}ata},
  journal   = scp,
  volume    = 92,
  pages     = {2--24},
  year      = 2014,
}



@inproceedings{CNZ:POPL:17,
  author    = {K. Chatterjee and
               P. Novotn{\'{y}} and
               D. Zikelic},
  title     = {{Stochastic Invariants for Probabilistic Termination}},
  booktitle = popl44,
  pages     = {145--160},
  year      = {2017},
  publisher = acm
}

@inproceedings{CFG:CAV:16,
  author    = {K. Chatterjee and
               H. Fu and
               A.~K. Goharshady},
  title     = {{Termination Analysis of Probabilistic Programs Through Positivstellensatz's}},
  booktitle = cav28,
  pages     = {3--22},
  year      = {2016},
  series    = lncs,
  volume    = {9779},
  publisher = springer
}

@inproceedings{GBR:CSL:08,
  author    = {G. Barthe and
               B. Gr{\'{e}}goire and
               C. Riba},
  title     = {{Type-Based Termination with Sized Products}},
  booktitle = csl17,
  pages     = {493--507},
  year      = {2008},
  series    = lncs,
  volume    = {5213},
  publisher = springer,
}

@article{H:TCS:92,
  author =	 {D. Hofbauer},
  title =	 {{Termination Proofs by Multiset Path Orderings Imply
                  Primitive Recursive Derivation Lengths}},
  journal =	 tcs,
  volume =	 105,
  number =	 1,
  year =	 1992,
  pages =	 {129--140}
}

@inproceedings{HAH:CAV:12,
  author =	 {J. Hoffmann and K. Aehlig and M. Hofmann},
  title =	 {{Resource Aware ML}},
  booktitle =	 cav24,
  pages =	 {781-786},
  publisher =	 springer,
  series =	 lncs,
  address =      heidelberg,
  volume =	 7358,
  year =	 2012,
}

@inproceedings{HAH:POPL:11,
  author =	 {J. Hoffmann and K. Aehlig and M. Hofmann},
  title =	 {{Multivariate Amortized Resource Analysis}},
  booktitle =	 popl38,
  year =	 2011,
  pages =	 {357-370},
  publisher =	 acm,
  address =      ny
}

@inproceedings{HR:ESOP:13,
  author =	 {M. Hofmann and D. Rodriguez},
  title =	 {{Automatic Type Inference for Amortised Heap-Space
                  Analysis}},
  year =	 2013,
  pages =	 {593-613},
  booktitle =	 esop22,
  publisher =	 springer,
  series =	 lncs,
  volume =	 7792,
}

@INPROCEEDINGS{HL:RTA:89,
  author =	 {D. Hofbauer and C. Lautemann},
  title =	 {{Termination Proofs and the Length of Derivations}},
  booktitle =	 rta3,
  year =	 1989,
  volume =	 355,
  series =	 lncs,
  publisher =	 springer,
  pages =	 {167--177},
}


@InProceedings{HM:IJCAR:08,
  author =	 {N. Hirokawa and G. Moser},
  title =	 {Automated {C}omplexity {A}nalysis {B}ased on the
                  {D}ependency {P}air {M}ethod},
  booktitle =	 ijcar4,
  year =	 2008,
  series =	 lnai,
  publisher =    springer,
  pages =	 "364--380",
  volume =	 5195
}

@article{HM:CoRR:11,
  author    = {N. Hirokawa and
               G. Moser},
  title     = {{Automated Complexity Analysis Based on the Dependency Pair
               Method}},
  journal   = {CoRR},
  volume    = {abs/1102.3129},
  year      = {2011},
}

@InProceedings{HM:RTA:14,
  author =	 {N. Hirokawa and G. Moser},
  title =	 {Automated Complexity Analysis Based on Context-Sensitive Rewriting},
  booktitle = {RTA-TLCA 2014},
  pages = {257-271},
  series = {LNCS},
  volume = 8560,
  year =	 2014,
}

@inproceedings{HM:LPAR:08,
  author =	 {N. Hirokawa and G. Moser},
  title =	 {{Complexity, Graphs, and the Dependency Pair
                  Method}},
  booktitle =	 lpar15,
  year =	 2008,
  pages =	 {652-666},
}

@ARTICLE{HMZ:JAR:13,
  author =	 {N. Hirokawa and A. Middeldorp and H. Zankl },
  title =	 {{Uncurrying for Termination and Complexity}},
  journal =	 jar,
  volume =	 50,
  number =	 3,
  year =	 2013,
  pages =	 {279--315},
}

@incollection{HW:CSS:99,
  author =	 "W. G. Handley and S. S. Wainer",
  booktitle =	 {{Computational Logic, NATO ASI Series F: Computer
                  and Systems Science}},
  volume =	 165,
  title =	 {{Complexity of Primitive Recursion}},
  publisher =	 springer,
  pages =	 "273--300",
  year =	 1999
}

@inproceedings{HW:RTA:06,
  author =	 "D. Hofbauer and J. Waldmann",
  title =	 {{Termination of String Rewriting with Matrix
                  Interpretations}},
  booktitle =	 rta17,
  series =	 lncs,
  publisher =	 springer,
  volume =	 4098,
  pages =	 "328--342",
  year =	 2011
}

@ARTICLE{Hofmann:APAL:00,
  author =	 {M. Hofmann},
  title =	 {{Safe Recursion with Higher Types and BCK-algebra}},
  journal =	 apal,
  number =	 {1-3},
  year =	 2000,
  pages =	 {113-166},
}

@article{Hofmann:IC:03,
  author =	 {M. Hofmann},
  title =	 {{Linear Types and Non-size-increasing Polynomial
                  Time Computation}},
  journal =	 IC,
  volume =	 183,
  number =	 1,
  year =	 2003,
  pages =	 {57-85},
}

@INPROCEEDINGS{Hofmann:POPL:02,
  author =	 {M. Hofmann},
  title =	 {{The Strength of Non-size Increasing Computation}},
  booktitle =	 popl29,
  year =	 2002,
  pages =	 {260--269},
  publisher =	 acm,
}

@article{FGPSKS:JAR:11,
  author    = {C. Fuhs and
               J. Giesl and
               M. Parting and
               P. Schneider-Kamp and
               S. Swiderski},
  title     = {{Proving Termination by Dependency Pairs and Inductive Theorem Proving}},
  journal   = jar,
  volume    = {47},
  number    = {2},
  year      = {2011},
  pages     = {133-160},
}


@article{GRSST:TOPLAS:11,
  author =	 {J. Giesl and M. Raffelsieper and P. Schneider-Kamp
                  and S. Swiderski and R. Thiemann},
  title =	 {{Automated Termination Proofs for {Haskell} by Term Rewriting}},
  journal =	 toplas,
  volume =	 33,
  number =	 2,
  year =	 2011,
}

@book{NPW:02,
  author    = {T. Nipkow and
               L.~C. Paulson and
               M. Wenzel},
  title     = {{Isabelle/HOL -- A Proof Assistant for Higher-Order Logic}},
  publisher = springer,
  series    = lncs,
  volume    = {2283},
  year      = {2002},
}


@inproceedings{JHLH:POPL:10,
  author =	 {S. Jost and K. Hammond and H.-W. Loidl and
                  M.Hofmann},
  title =	 {{Static Determination of Quantitative Resource Usage
                  for Higher-order Programs}},
  booktitle =	 popl37,
  year =	 2010,
  pages =	 {223-236},
  publisher =	 acm,
  address =      ny
}

@inproceedings{JO:LICS:91,
  author =	 {J.-P. Jouannaud and M. Okada},
  title =	 {{A Computation Model for Executable Higher-Order
                  Algebraic Specification Languages}},
  booktitle =	 lics6,
  year =	 1991,
  pages =	 {350-361},
  publisher =	 ieee,
}

@article{JO:TCS:97,
  author =	 {J.-P. Jouannaud and M. Okada},
  title =	 {{Abstract Data Type Systems}},
  journal =	 tcs,
  volume =	 173,
  number =	 2,
  year =	 1997,
  pages =	 {349--391},
}

@article{JR:JACM:07,
  author =	 {J.-P. Jouannaud and A. Rubio},
  title =	 {{Polymorphic Higher-order Recursive Path Orderings}},
  journal =	 jacm,
  volume =	 54,
  number =	 1,
  year =	 2007,
}

@inproceedings{JR:LICS:99,
  author =	 {J.-P. Jouannaud and A. Rubio},
  title =	 {{The Higher-Order Recursive Path Ordering}},
  booktitle =	 lics14,
  year =	 1999,
  publisher =	 ieee,
  year =	 1999,
}

@article{JS:63,
  author =	 {J.~C. Shepherdson and H.~E. Sturgis},
  title =	 {{Computability of Recursive Functions}},
  journal =	 jacm,
  volume =	 10,
  year =	 1963,
  pages =	 {217--255},
}

@BOOK{Jones,
  title =	 {{Computability and Complexity: From a Programming
                  Perspective}},
  publisher =	 mit,
  year =	 1997,
  author =	 {N.~.D. Jones},
}

@incollection{Jouannaud:PTC:05,
  author =	 {J.-P. Jouannaud},
  chapter =	 {{Higher-Order Rewriting: Framework, Confluence and
                  Termination}},
  title =	 {{Processes, Terms and Cycles}},
  year =	 2005,
  pages =	 {224--250},
  numpages =	 27,
  publisher =	 springer,
}

@inproceedings{KMT:PPDP:99,
  author    = {K. Kusakari and
               M. Nakamura and
               Y. Toyama},
  title     = {{Argument Filtering Transformation}},
  booktitle = ppdp99,
  year      = {1999},
  pages     = {47-61},
  publisher = springer,
  series    = lncs,
  volume    = {1702},
}

@article{KISB:IEICE:09,
  author =	 {K. Kusakari and Y. Isogai and M. Sakai and
                  F. Blanqui},
  title =	 {{Static Dependency Pair Method Based on Strong
                  Computability for Higher-Order Rewrite Systems}},
  journal =	 {IEICE Transactions},
  volume =	 {92-D},
  number =	 10,
  year =	 2009,
  pages =	 {2007-2015},
}

@article{KKSV:TOPLAS:94,
  author =	 {J.~R. Kennaway and J.~W. Klop and M.~R. Sleep and
                  F.~J. de~Vries},
  title =	 {{On the Adequacy of Graph Rewriting for Simulating
                  Term Rewriting}},
  journal =	 toplas,
  pages =	 {493--523},
  volume =	 16,
  year =	 1994,
}
@inproceedings{ZGSV:SAS:11,
  author    = {Florian Zuleger and
               Sumit Gulwani and
               Moritz Sinn and
               Helmut Veith},
  title     = {{Bound Analysis of Imperative Programs with the Size-Change
               Abstraction}},
  booktitle = sas18,
  year      = {2011},
  pages     = {280-297},
  publisher = springer,
  series    = lncs,
  volume    = {6887},
}


@UNPUBLISHED{KL:1980,
  author =	 {S. Kamin and J-J. L{\'e}vy},
  title =	 {{Attempts for Generalizing the Recursive Path
                  Orderings}},
  note =	 {Unpublished manuscript},
  year =	 1980,
  institution =	 {University of Illinois},
  language =	 {english}
}

@article{KN:TCS:85,
  author =	 "M. S. Krishnamoorthy and P. Narendran",
  title =	 {{On Recursive Path Ordering}},
  journal =	 tcs,
  volume =	 40,
  year =	 1985,
  pages =	 {323--328}
}




@inproceedings{KK:LICS:17,
  author    = {B.~L. Kaminski and
               J.{-}P. Katoen},
  title     = {{A Weakest Pre-expectation Semantics for Mixed-sign Expectations}},
  booktitle = lics32,
  pages     = {1--12},
  publisher = ieee,
  year      = {2017},
}


@inproceedings{OlmedoKKM16,
  author    = {F. Olmedo and
               B.~L. Kaminski and
               J.-P. Katoen and
               C. Matheja},
  title     = {{Reasoning about Recursive Probabilistic Programs}},
  booktitle = lics31,
  pages     = {672--681},
  year      = {2016},
}

@inproceedings{KaminskiKMO16,
  author    = {B. Lucien Kaminski and
               J.{-}P. Katoen and
               C. Matheja and
               F. Olmedo},
  title     = {{Weakest Precondition Reasoning for Expected Run-Times of Probabilistic
               Programs}},
  booktitle = esop25,
  pages     = {364--389},
  year      = {2016},
  series    = lncs,
  volume    = {9632},
  publisher = {Springer},
}



@InProceedings{KR:RTA:11,
  author =	 {C. Kop and F. van Raamsdonk},
  title =	 {{Higher Order Dependency Pairs for Algebraic
                  Functional Systems}},
  booktitle =	 rta22,
  pages =	 {203--218},
  series =	 lipics,
  year =	 2011,
  volume =	 10,
  publisher =	 dagstuhl,
}

@article{KW:AC:09,
  author =	 {A. Koprowski and J. Waldmann},
  title =	 {{Max/Plus Tree Automata for Termination of Term
                  Rewriting}},
  journal =	 AC,
  volume =	 19,
  number =	 2,
  year =	 2009,
  pages =	 {357--392},
}

@inproceedings{KW:RTA:08,
  author =	 {A. Koprowski and J. Waldmann},
  booktitle =	 rta19,
  pages =	 {202--216},
  publisher =	 springer,
  series =	 lncs,
  title =	 {{Arctic Termination \dots Below Zero.}},
  volume =	 5117,
  year =	 2008
}

@phdthesis{Klop:Diss:80,
  author =	 "J.~W. Klop",
  title =	 {{Combinatory Reduction Systems}},
  school =	 "Utrecht University",
  year =	 1980
}

@article{Klop:MCT:80,
  author =	 "J.W. Klop",
  title =	 {{Combinatory Reduction Systems}},
  journal =	 mct,
  publisher =	 {{Mathematisch Centrum, Amsterdam}},
  year =	 1980
}

@PhdThesis{Kop:Diss:12,
  author =	 {C. Kop},
  title =	 {{Higher-Order Termination}},
  school =	 {Vrije Universiteit Amsterdam},
  year =	 2012,
}

@article{Lucas:ITA:05,
  author    = {S.~Lucas},
  title     = {Polynomials Over the Reals in Proofs of Termination: From Theory to
               Practice},
  journal   = {{ITA}},
  volume    = {39},
  number    = {3},
  pages     = {547--586},
  year      = {2005},
}

@INPROCEEDINGS{L:SOFSEM:95,
  author =	 {S. Lucas},
  title =	 {{Fundamentals of Context-Sensitive Rewriting}},
  booktitle =	 sofsem95,
  year =	 1995,
  publisher =	 springer,
  series =	 lncs,
  pages =	 {405 -- 412},
}

@InProceedings{LM:FOPARA:09,
  author =	 {U. {Dal Lago} and S. Martini},
  title =	 {{D}erivational {C}omplexity is an {I}nvariant {C}ost
                  {M}odel},
  booktitle =	 fopara1,
  publisher =    springer,
  series    =    lncs,
  volume    =    6324,
  pages     = {100-113},
  year =	 2009,
}

@inproceedings{OR:HOA:93,
  author    = {V. {van Oostrom} and
               F. {van Raamsdonk}},
  title     = {{Comparing Combinatory Reduction Systems and Higher-order
               Rewrite Systems}},
  booktitle = hoa1,
  year      = {1993},
  pages     = {276-304},
  publisher = springer,
  series    = lncs,
  volume    = {816},
}

@inproceedings{LM:ICALP:09,
  author =	 {U. {Dal Lago} and S. Martini},
  title =	 {On {C}onstructor {R}ewrite {S}ystems and the
                  {L}ambda-{C}alculus},
  booktitle =	 icalp36,
  year =	 2009,
  pages =	 {163--174},
  publisher =	 springer,
  address =      heidelberg,
  series =	 lncs,
  volume =	 5556,
}

@ARTICLE{LM:LMCS:12,
  author =	 {U. {Dal Lago} and S. Martini},
  title =	 {{On Constructor Rewrite Systems and the Lambda
                  Calculus}},
  journal =	 lmcs,
  year =	 2012,
  volume =	 8,
  number =	 3,
  pages =	 {1--27}
}

@article{BenAmram:LMCS:11,
  author    = {A. Ben-Amram},
  title     = {{Monotonicity Constraints for Termination in the Integer Domain}},
  journal   = lmcs,
  volume    = {7},
  number    = {3},
  year      = {2011},
}

@article{BV:CoRR:2012,
  author    = {A. Ben-Amram and
               M. Vainer},
  title     = {{Bounded Termination of Monotonicity-Constraint Transition
               Systems}},
  journal   = {CoRR},
  volume    = {abs/1202.4281},
  year      = {2012},
}

@inproceedings{LMR:TYPES:04,
  author =	 {U. {Dal Lago} and S. Martini and L. Roversi},
  title =	 {{Higher-Order Linear Ramified Recurrence}},
  booktitle =	 types03,
  pages =	 {178-193},
  publisher =	 springer,
  series =	 lncs,
  volume =	 3085,
  year =	 2004,
}

@inproceedings{LP:POPL:13,
  author =	 {U. {Dal Lago} and Barbara Petit},
  title =	 {{The Geometry of Types}},
  booktitle =	 popl40,
  year =	 2013,
  pages =	 {167--178},
  publisher =	 acm,
  address =      ny
}

@article{LP:SCP:14,
  author =	 {U. {Dal Lago} and B. Petit},
  title =	 {{Linear Dependent Types in a Call-by-value Scenario}},
  journal =	 scp,
  year =	 2014,
  volume =	 84,
  pages =	 {77--100}
}

@inproceedings{LP:PPDP:12,
  author =	 {U. {Dal Lago} and B. Petit},
  title =	 {{Linear Dependent Types in a Call-by-value
                  Scenario}},
  booktitle =	 ppdp12,
  year =	 2012,
  pages =	 {115-126},
  publisher =	 acm,
  year =	 2012,
}
@techreport{Lankford:75,
author={D.~Lankford},
title={Canonical algebraic simplification in computational logic},
number={ATP-25},
institution={University of Texas},
year=1975
}
@TECHREPORT{Lankford:79,
  author =	 {D.S. Lankford},
  title =	 {{On Proving Term Rewriting Systems are Noetherian}},
  institution =	 {Louisiana Technical University},
  year =	 1979,
  number =	 {MTP-3},
}

@inproceedings{Leivant:LICS:91,
  author =	 {D. Leivant},
  title =	 {{A Foundational Delineation of Computational
                  Feasiblity}},
  booktitle =	 lics6,
  year =	 1991,
  pages =	 {2-11},
  publisher =	 ieee,
}



@Unpublished{Avanzini:CL:07,
  author = 	 {M. Avanzini},
  title = 	 {Term Rewriting Characterizations of Complexity Classes.},
  note = 	 {CL Seminar Report.},
}

@inproceedings{BKMO:LCS:08,
  author    = {G. Bonfante and
               R. Kahle and
               J.-Y. Marion and
               I. Oitavem},
  title     = {{Recursion Schemata for NCk}},
  booktitle = csl22,
  volume    = {5213},
  year      = {2008},
  pages     = {49--63},
  series    = lncs,
  publisher =	 springer,
}


@inproceedings{Leivant:POPL:93,
  author =	 {D. Leivant},
  title =	 {{Stratified Functional Programs and Computational
                  Complexity}},
  booktitle =	 popl20,
  year =	 1993,
  publisher = acm,
  pages =	 {325-333},
}

@incollection{Leivant:FMII:95,
author = "D. Leivant",
booktitle = fm2,
publisher = birkhaeuser,
volume = "13",
title = "{{Ramified Recurrence and Computational Complexity I: Word Recurrence and Poly-time}}",
pages ="320--343",
year = 1995}


@InCollection{Levy:ECLCF:80,
  author =	 {J.-J. Levy},
  title =	 {{Optimal Reductions in the lambda-calculus.}},
  booktitle =	 {To H.B. Curry: Essays on Combinatory Logic, Lambda
                  Caclulus and Formalism},
  pages =	 {159--191},
  publisher =	 ap,
  year =	 1980,
}

@INPROCEEDINGS{M:LPAR:06,
  author =	 {G. Moser},
  title =	 {{Derivational Complexity of Knuth-Bendix Orders
                  Revisited}},
  booktitle =	 lpar13,
  year =	 2006,
  volume =	 4246,
  series =	 lnai,
  publisher =	 springer,
  pages =	 {75--89},
}

@inproceedings{YKS:RTA:14,
  author    = {A. Yamada and
               K. Kusakari and
               T. Sakabe},
  title     = {{Nagoya Termination Tool}},
  booktitle = rta25,
  pages     = {466--475},
  year      = {2014},
  series    = lncs,
  volume    = {8560},
  publisher = springer,
}

@inproceedings{MKCSHZAM:RTA:09,
  author =	 {M. Korp and C. Sternagel and H. Zankl and
                  A. Middeldorp},
  title =	 {{Tyrolean Termination Tool 2}},
  booktitle =	 rta20,
  series =	 lncs,
  volume =	 5595,
  pages =	 "295--304",
  publisher =	 springer,
  year =	 2009
}

@book{ML:97,
  author =	 {R. Milner and M. Tofte and D. Macqueen},
  title =	 {{The Definition of Standard ML}},
  year =	 1997,
  isbn =	 0262631814,
  publisher =	 mit,
  address =	 {Cambridge, MA, USA},
}

@inproceedings{MMNWZ:CAI:11,
  author =	 "A. Middeldorp and G. Moser and F. Neurauter and
                  J. Waldmann and H. Zankl",
  title =	 {{Joint Spectral Radius Theory for Automated
                  Complexity Analysis of Rewrite Systems}},
  booktitle =	 cai4,
  series =	 lncs,
  publisher =	 springer,
  volume =	 6742,
  pages =	 "1--20",
  year =	 2011
}

@inproceedings{MP:PPDP:08,
  author =	 {J.-Y. Marion and R. P{\'e}choux},
  title =	 {{Characterizations of Polynomial Complexity Classes
                  with a Better Intensionality}},
  booktitle =	 ppdp10,
  year =	 2008,
  pages =	 {79-88},
  publisher =	 acm,
}

@inproceedings{MS:RTA:08,
  author =	 "G. Moser and A. Schnabl",
  title =	 {{Proving Quadratic Derivational Complexities using
                  Context Dependent Interpretations}},
  booktitle =	 rta19,
  series =	 lncs,
  volume =	 5117,
  publisher =	 springer,
  year =	 2008,
  pages =	 "276--290"
}

@inproceedings{MS:RTA:09,
  author =	 "G. Moser and A. Schnabl",
  title =	 "The Derivational Complexity Induced by the
                  Dependency Pair Method",
  booktitle =	 rta20,
  volume =	 5595,
  series =	 lncs,
  publisher =	 springer,
  year =	 2009,
  pages =	 {276-290}
}

@INPROCEEDINGS{MSW:FSTTCS:08,
  author =	 {G. Moser and A. Schnabl and J. Waldmann},
  title =	 {{Complexity Analysis of Term Rewriting Based on
                  Matrix and Context Dependent Interpretations}},
  booktitle =	 fsttcs28,
  year =	 2008,
  series =	 lipics,
  publisher =	 dagstuhl,
  pages =	 {304--315},
}

@ARTICLE{Marion:IC:03,
  author =	 {J.-Y. Marion},
  title =	 {{Analysing the Implicit Complexity of Programs}},
  journal =	 ic,
  year =	 2003,
  volume =	 183,
  pages =	 {2--18}
}

@article{Marion:LMCS:09,
  author =	 {J-Y. Marion},
  title =	 {{On Tiered Small Jump Operators}},
  journal =	 lmcs,
  volume =	 5,
  number =	 1,
  year =	 2009,
}

@article{Miller:JLC:91,
  author =	 {D. Miller},
  title =	 {{A Logic Programming Language with
                  Lambda-abstraction, Function Variables, and Simple
                  Unification}},
  journal =	 jlc,
  volume =	 1,
  number =	 4,
  pages =	 {497--536},
  year =	 1991,
}

@article{Moser:Habil:09,
  author =	 {G. Moser},
  title =	 {{Proof Theory at Work: Complexity Analysis of Term
                  Rewrite Systems}},
  journal =	 {CoRR},
  volume =	 {abs/0907.5527},
  year =	 2009,
  note =	 {Habilitation Thesis}
}

@inproceedings{NEG:CADE:11,
  author =	 {L. Noschinski and F. Emmes and J. Giesl},
  title =	 {{A Dependency Pair Framework for Innermost
                  Complexity Analysis of Term Rewrite Systems}},
  booktitle =	 {Proc.\ of 23rd CADE},
  year =	 2011,
  pages =	 {422-438},
  series =	 lnai,
  publisher =	 springer,
  volumen =	 6803,
}

@inproceedings{GST:IJCAR:06,
  author        = {J. Giesl and P. Schneider-Kamp and R. Thiemann},
  title         = {{AProVE 1.2: Automatic Termination Proofs in the Dependency Pair Framework}},
  booktitle     = ijcar3,
  publisher     = springer,
  series        = lnai,
  pages         = "281-286",
  volume        = 4130,
  year          = "2006"
}


@article{NHAMHZ:JAR:13,
  author =	 "N. Hirokawa and A. Middeldorp and H. Zankl",
  title =	 {{Uncurrying for Termination and Complexity}},
  journal =	 jar,
  volume =	 50,
  number =	 3,
  pages =	 "279--315",
  year =	 2013
}

@inproceedings{FGMSTZ:SAT:07,
  author    = {C. Fuhs and
               J. Giesl and
               A. Middeldorp and
               P. {Schneider{-}Kamp} and
               R. Thiemann and
               H. Zankl},
  title     = {{SAT} Solving for Termination Analysis with Polynomial Interpretations},
  booktitle = sat10,
  pages     = {340--354},
  year      = {2007},
  series    = lncs,
  volume    = {4501},
  publisher = springer,
}


@phdthesis{Neurauter:Diss:12,
  author =	 "F. Neurauter",
  title =	 {{Termination Analysis of Term Rewriting by
                  Polynomial Interpretations and Matrix
                  Interpretations}},
  school =	 "University of Innsbruck",
  year =	 2012
}

@inproceedings{Nipkow:LICS:91,
  author =	 {T. Nipkow},
  title =	 {{Higher-order Critical Pairs}},
  booktitle =	 lics6,
  publisher =	 ieee,
  year =	 1991,
  pages =	 {342--349},
}

@article{O01,
  author =	 {E. Ohlebusch},
  title =	 {{Termination of Logic Programs: Transformational
                  Methods Revisited}},
  journal =	 {Appl. Algebra Eng. Commun. Comput.},
  volume =	 12,
  number =	 {1/2},
  year =	 2001,
  pages =	 {73-116},
}

@inproceedings{OBEG10,
  author =	 {C. Otto and M. Brockschmidt and C.~v. Essen and
                  J. Giesl},
  title =	 {{Automated Termination Analysis of Java Bytecode by
                  Term Rewriting}},
  booktitle =	 rta21,
  year =	 2010,
  pages =	 {259-276},
}

@book{Ohlebusch:01,
  author =	 "E. Ohlebusch",
  title =	 {{Advanced Topics in Term Rewriting}},
  publisher =	 springer,
  year =	 2001
}

@InProceedings{Bahr:RTA:11,
  author =	 {P. Bahr},
  title =	 {{Modes of Convergence for Term Graph Rewriting}},
  booktitle =	 rta22,
  pages =	 {139--154},
  series =	 lipics,
  publisher =	 dagstuhl,
  year =	 2011,
  volume =	 10,
}

@article{Bahr:LMCS:12,
  author    = {P. Bahr},
  title     = {{Modes of Convergence for Term Graph Rewriting}},
  journal   = lmcs,
  volume    = {8},
  number    = {2:06},
  year      = {2008},
  pages     = {1--60}
}


@BOOK{Papa,
  title =	 {{C}omputational {C}omplexity},
  publisher =	 {{A}ddison {W}esley {L}ongman},
  year =	 1995,
  author =	 {Christos H. Papadimitriou},
  edition =	 {second}
}

@article{Reynolds:ACM:72,
  author =	 {J.~C. Reynolds},
  title =	 {{Definitional Interpreters for Higher-Order
                  Programming Languages}},
  journal =	 "Higher-Order and Symbolic Computation",
  year =	 1998,
  pages =	 {363--397},
  volume =	 11,
  number =	 4,
  publisher =	 acm,
}




@book{RobinsonV01,
  author =	 {J.~A. Robinson and A. Voronkov},
  title =	 {Handbook of Automated Reasoning (in 2 volumes)},
  publisher =	 {Elsevier and MIT Press},
  year =	 2001,
}

@book{Rogers:87,
  author =	 {H. Rogers},
  title =	 {{Theory of Recursive Functions and Effective
                  Computability}},
  publisher =	 mit,
  year =	 1987
}

@inproceedings{Rosendahl:FPCA:89,
  author =	 {Mads Rosendahl},
  title =	 {{Automatic Complexity Analysis}},
  booktitle =	 {FPCA},
  year =	 1989,
  pages =	 {144-156},
}

@ARTICLE{S:AML:1988,
  author =	 {H. Simmons},
  title =	 {{The Realm of Primitive Recursion}},
  journal =	 aml,
  year =	 1988,
  volume =	 27,
  pages =	 {177-188}
}

@inproceedings{Antoy:ALP:92,
  author =	 {S. Antoy},
  title =	 {{Definitional Trees}},
  year =	 1992,
  pages =	 {143-157},
  booktitle =	 lncs,
  series    =    alp92,
  publisher =	 springer,
  volume =	 632,
}

@ARTICLE{HLM:IPL:98,
    author = {M. Hanus and S. Lucas and A. Middeldorp},
    title = {{Strongly Sequential and Inductively Sequential Term Rewriting Systems}},
    journal = ipl,
    year = {1998},
    volume = {67},
    pages = {67--1}
}

@incollection{SB:NATO:02,
  year =	 2002,
  isbn =	 {978-1-4020-0608-1},
  booktitle =	 {{Proof and System-Reliability}},
  volume =	 62,
  series =	 {NATO Science Series},
  title =	 {{Feasible Computation with Higher Types}},
  publisher =	 {Springer Netherlands},
  author =	 {H. Schwichtenberg and S. Bellantoni},
  pages =	 {399-415}
}


@article{MO:AI:00,
  author    = {A. Middeldorp and
               H. Ohsaki},
  title     = {{Type Introduction for Equational Rewriting}},
  journal   = ai,
  volume    = {36},
  number    = {12},
  year      = {2000},
  pages     = {1007-1029},
}


@inproceedings{SGS:CSL:11,
  author =	 {A. Schnabl and J. Grue Simonsen},
  title =	 {{The Exact Hardness of Deciding Derivational and
                  Runtime Complexity}},
  year =	 2011,
  pages =	 {481-495},
  booktitle =	 csl20,
  series =	 lipics,
  publisher =	 dagstuhl,
  volume =	 12,
}



@inproceedings{GSKT:IJCAR:06,
  author    = {J. Giesl and
               P. Schneider-Kamp and
               R. Thiemann},
  title     = {{Automatic Termination Proofs in the Dependency Pair Framework}},
  booktitle = ijcar3,
  year      = {2006},
  pages     = {281-286},
  series = lncs,
  volume = 4130,
  publisher = springer
}




@inproceedings{AG:RTA:97,
  author    = {T. Arts and
               J. Giesl},
  title     = {{Proving Innermost Normalisation Automatically}},
  booktitle = rta8,
  pages     = {157--171},
  year      = {1997},
  series    = lncs,
  volume    = {1232},
  publisher = springer,
}

@article{SGSST:TPLP:10,
  author =	 {P. Schneider-Kamp and J. Giesl and T. Str{\"o}der
                  and A. Serebrenik and R. Thiemann},
  title =	 {{Automated Termination Analysis for Logic Programs
                  with Cut}},
  journal =	 {TPLP},
  volume =	 10,
  number =	 {4-6},
  year =	 2010,
  pages =	 {365-381},
}

@TECHREPORT{SK90,
  author =	 {J. Steinbach and U. K{\"u}hler},
  title =	 {{Check your Ordering - Termination Proofs and Open
                  Problems}},
  institution =	 {University of Kaiserslautern},
  year =	 1990,
  number =	 {SEKI-Report SR-90-25}
}

@TechReport{SM:12,
  author =	 {M. Schapper and G. Moser},
  title =	 {{A Complexity Preserving Transformation from Jinja
                  Bytecode to Rewrite Systems}},
  institution =	 {University of Innsbruck},
  year =	 2012,
  note =	 {Available at
                  \href{http://arxiv.org/abs/1204.1568}},
}

@book{SPJones,
  title =	 {{The Implementation of Functional Languages}},
  publisher =	 "Prentice-Hall International",
  year =	 1987,
  author =	 {{S.~L. Peyton~Jones}}
}


@inproceedings{Sands:ESOP:90,
  author =	 {D. Sands},
  title =	 {{Complexity Analysis for a Lazy Higher-Order Language}},
  booktitle =	 esop3,
  pages =	 {361-376},
  series =	 lncs,
  publisher =	 springer,
  volume =	 432,
  year =	 1990,
}

@article{CKS:TCS:89,
  author    = {C. Choppy and
               S. Kaplan and
               M. Soria},
  title     = {{Complexity Analysis of Term-Rewriting Systems}},
  journal   = tcs,
  volume    = {67},
  number    = {2--3},
  year      = {1989},
  pages     = {261-282},
}




@inproceedings{GTSK:FROCOS:05,
  author    = {J. Giesl and
               R. Thiemann and
               P. Schneider{-}Kamp},
  title     = {{Proving and Disproving Termination of Higher-Order Functions}},
  booktitle = frocos5,
  pages     = {216--231},
  year      = {2005},
  series    = lncs,
  volume    = {3717},
  publisher = springer,
}



@INPROCEEDINGS{Steinbach:1989,
  author =	 {J. Steinbach},
  title =	 {{Extensions and Comparison of Simplification
                  Orderings}},
  booktitle =	 rta3,
  year =	 1989,
  series =	 lncs,
  publisher =	 springer,
  volume =	 355,
  pages =	 {434--448},
}

@PhdThesis{T:DISS:07,
  author =	 "R. Thiemann",
  title =	 "The {DP} Framework for Proving Termination of Term
                  Rewriting",
  school =	 {University of Aachen},
  year =	 2007,
  note =	 {Available as Technical Report AIB-2007-17}
}


@article{Terui:AML:07,
  author =	 {K. Terui},
  title =	 {{Light Affine Lambda Calculus and Polynomial Time
                  Strong Normalization}},
  journal =	 aml,
  volume =	 46,
  number =	 {3-4},
  year =	 2007,
  pages =	 {253-280},
}

@article{ACN:POPL:18,
  author    = {S. Agrawal and
               K. Chatterjee and
               P. Novotn{\'{y}}},
  title     = {{Lexicographic Ranking Supermartingales: An Efficient Approach to Termination
               of Probabilistic Programs}},
  journal   = {{PACMPL}},
  volume    = {2},
  number    = {{POPL}},
  pages     = {34:1--34:32},
  year      = {2018},
}

@inproceedings{Toyama:RTA:04,
  author =	 {Y. Toyama},
  title =	 {{Termination of S-Expression Rewriting Systems:
                  Lexicographic Path Ordering for Higher-Order Terms}},
  booktitle =	 rta15,
  year =	 2004,
  pages =	 {40--54},
  publisher =	 springer,
  series =	 lncs,
  volume =	 3091,
  year =	 2004,
}

@inproceedings{Toyama:RTA:08,
  author =	 {Y. Toyama},
  title =	 {{Termination Proof of S-Expression Rewriting Systems
                  with Recursive Path Relations}},
  booktitle =	 rta19,
  year =	 2008,
  pages =	 {381-391},
  publisher =	 springer,
  series =	 lncs,
  volume =	 5117,
  year =	 2008,
}

@inproceedings{V:HOA:93,
  author =	 {J. van de Pol},
  title =	 {{Termination Proofs for Higher-order Rewrite
                  Systems}},
  booktitle =	 {First International Workshop on Higher-Order
                  Algebra, Logic, and Term Rewriting, Selected Papers},
  year =	 1993,
  pages =	 {305-325},
  publisher =	 springer,
  series =	 lncs,
  volume =	 816,
}

@inproceedings{W:RTA:10,
  author =	 {J. Waldmann},
  title =	 {{Polynomially Bounded Matrix Interpretations}},
  booktitle =	 rta21,
  year =	 2010,
  pages =	 {357--372},
  series =	 lipics,
  publisher =	 dagstuhl,
  volume =	 6,
}

@article{Wegbreit:CACM:75,
  author    = {B. Wegbreit},
  title     = {{Mechanical Program Analysis}},
  journal   = cacm,
  volume    = {18},
  number    = {9},
  year      = {1975},
  pages     = {528-539},
}

@ARTICLE{W:TCS:95,
  author =	 {A. Weiermann},
  title =	 {{Termination Proofs for Term Rewriting Systems with
                  Lexicographic Path Orderings Imply Multiply
                  Recursive Derivation Lengths}},
  journal =	 tcs,
  year =	 1995,
  volume =	 139,
  number =	 {1,2},
  pages =	 {355-362}
}

@inproceedings{Yamada:RTA:01,
  author =	 {T. Yamada},
  title =	 {{Confluence and Termination of Simply Typed Term
                  Rewriting Systems}},
  booktitle =	 rta12,
  year =	 2001,
  pages =	 {338--352},
  publisher =	 springer,
  series =	 lncs,
  volume =	 2051,
  year =	 2001,
}


@article{Z:JSC:94,
  author    = {H. Zantema},
  title     = {{Termination of Term Rewriting: Interpretation and Type Elimination}},
  journal   = jsc,
  volume    = {17},
  number    = {1},
  year      = {1994},
  pages     = {23-50},
}

@article{Z:FI:95,
  author =	 {H. Zantema},
  title =	 {{Termination of Term Rewriting by Semantic
                  Labelling}},
  journal =	 fi,
  volume =	 24,
  number =	 {1/2},
  year =	 1995,
  pages =	 {89--105},
}

@inproceedings{Z:RTA:97,
  author =	 {H. Zantema},
  title =	 {{Termination of Context-Sensitive Rewriting}},
  booktitle =	 rta8,
  year =	 1997,
  pages =	 {172--186},
  publisher =	 springer,
  volume =	 1232,
  series =	 lncs
}

@inproceedings{ZK:RTA:10,
  author =	 "H. Zankl and M. Korp",
  title =	 {{Modular Complexity Analysis via Relative
                  Complexity}},
  booktitle =	 rta21,
  series =	 lipics,
  publisher =	 dagstuhl,
  volume =	 6,
  pages =	 "385--400",
  year =	 2010
}

@ARTICLE{contejean:2005,
  author =	 {E. Contejean and C. March{\'e} and A.-P. Tom{\'a}s
                  and X. Urbain},
  title =	 {{Mechanically Proving Termination Using Polynomial
                  Interpretations}},
  journal =	 jar,
  year =	 2005,
  volume =	 34,
  pages =	 {325--363},
  number =	 4
}

@ARTICLE{staples:80,
  author =	 {J. Staples},
  title =	 {{Computation on Graph-like Expressions}},
  journal =	 tcs,
  year =	 1980,
  volume =	 10,
  pages =	 {297--316},
}

@article{McIverMKK18,
  author    = {A. McIver and
               C. Morgan and
               B.~L. Kaminski and
               J{-}P Katoen},
  title     = {{A New Proof Rule for Almost-sure Termination}},
  journal   = {{PACMPL}},
  volume    = 2,
  number    = {{POPL}},
  pages     = {33:1--33:28},
  year      = 2018,
}

@article{Shkaravska:LMCS:09,
  author    = {O. Shkaravska and
               M.~C.~J.~D. {van Eekelen} and
               R. {van Kesteren}},
  title     = {{Polynomial Size Analysis of First-Order Shapely Functions}},
  journal   = lmcs,
  publisher = lmcsev,
  pages     = {1--35},
  volume    = {5},
  number    = {2},
  year      = {2009},
}

@book{Okasaki:99,
  author    = {C. Okasaki},
  title     = {{Purely Functional Data Structures}},
  publisher = {{Cambridge University Press}},
  year      = {1999},
  address   = oxford,
}

@inproceedings{Danielsson:POPL:08,
  author    = {N. A. Danielsson},
  title     = {{Lightweight Semiformal Time Complexity Analysis for Purely Functional
               Data Structures}},
  booktitle = popl35,
  publisher = acm,
  address = ny,
  pages     = {133--144},
  year      = {2008},
}

@inproceedings{HM:RTATLCA:14,
  author    = {M. Hofmann and
               G. Moser},
  title     = {{Amortised Resource Analysis and Typed Polynomial Interpretations}},
  booktitle = rtatlca14,
  pages     = {272--286},
  year      = {2014},
  series    = lncs,
  volume    = {8560},
  publisher = springer,
}

@inproceedings{GM:POPL:16,
  author    = {S. Gimenez and
               G. Moser},
  title     = {The Complexity of Interaction},
  booktitle = popl43,
  pages     = {243--255},
  year      = {2016},
  publisher = acm,
  address   = ny,
}

@inproceedings{TOUH:ATVA:18,
  author    = {T. Takisaka and
               Y. Oyabu and
               N. Urabe and
               I. Hasuo},
  title     = {{Ranking and Repulsing Supermartingales for Reachability in Probabilistic
               Programs}},
  booktitle = atva16,
  pages     = {476--493},
  year      = {2018},
  series    = lncs,
  volume    = {11138},
  publisher = springer,
}

@inproceedings{FH:POPL:15,
 author = {L.~M. Ferrer Fioriti and H.~Hermanns},
 title = {{Probabilistic Termination: Soundness, Completeness, and Compositionality}},
 booktitle = popl42,
 year = {2015},
 pages = {489--501},
 publisher = {ACM},
}

@article{GoldwasserMicali,
  title={Probabilistic Encryption},
  author= {S. Goldwasser and S. Micali},
  journal={{JCSS}},
  volume={28},
  number={2},
  pages={270--299},
  year={1984},
  publisher=elsevier
}

@article{de1956computability,
  title = {Computability by Probabilistic Machines},
  author = {K. {De Leeuw} and E.~F. Moore and C.~E. Shannon and N. Shapiro},
  journal = {Automata Studies},
  volume = {34},
  pages = {183--198},
  year = {1956}
}

@article{Rabin63,
  title={Probabilistic Automata},
  author={M.~O.~Rabin},
  journal={Information and Control},
  volume={6},
  number={3},
  pages={230--245},
  year={1963},
  publisher=elsevier
}

@article{santos69,
  title={Probabilistic Turing Machines and Computability},
  author={E.~S. Santos},
  journal={Proc.\ of the American Mathematical Society},
  volume={22},
  number={3},
  pages={704--710},
  year={1969},
}

@article{gill77,
  title={Computational Complexity of Probabilistic Turing Machines},
  author={J. Gill},
  journal={SIAM JC},
  volume={6},
  number={4},
  pages={675--695},
  year={1977},
  publisher={SIAM}
}

@inproceedings{JonesPlotkin,
  author    = {C. Jones and
               G.~D. Plotkin},
  title     = {A Probabilistic Powerdomain of Evaluations},
  booktitle = lics4,
  pages     = {186--195},
  year      = {1989},
}

@inproceedings{SahebDjahromi,
  author    = {N. Saheb-Djahromi},
  title     = {Probabilistic {LCF}},
  booktitle = {MFCS},
  year      = {1978},
  pages     = {442-451},
  ee        = {http://dx.doi.org/10.1007/3-540-08921-7_92},
}

@article{dallagozorzi2012,
  author    = {U. {Dal Lago} and
               M. Zorzi},
  title     = {Probabilistic Operational Semantics for the Lambda Calculus},
  journal   = {{RAIRO} - TIA},
  volume    = {46},
  number    = {3},
  pages     = {413--450},
  year      = {2012},
}

@article{DalLagoMartini,
  author    = {U.~Dal Lago and
               S.~Martini},
  title     = {On Constructor Rewrite Systems and the Lambda Calculus},
  journal   = lmcs,
  volume    = {8},
  number    = {3},
  year      = {2012},
}

@book{Terese,
  author    = {Terese},
  title     = {Term Rewriting Systems},
  publisher = {Cambridge University Press},
  year      = 2003,
  volume    = 55,
  series    = {Cambridge Tracts in Theoretical Computer Science},
}

@inbook{BezemKlopTerese,
title = "Abstract reduction systems",
author = "M. Bezem and J.W. Klop",
year = "2003",
series = "Cambridge Tracts in Theoretical Computer Science",
publisher = "Cambridge University Press",
number = "55",
pages = "7--23",
editor = "Terese",
booktitle = "Term Rewriting Systems",
}

@inproceedings{gmrbt2008,
  author    = {N.~D.~Goodman and
               V.~K.~Mansinghka and
               D.~M.~Roy and
               K.~Bonawitz and
               J.~B.~Tenenbaum},
  title     = {{C}hurch: a Language for Generative Models},
  booktitle = uai24,
  pages     = {220--229},
  year      = {2008},
  publisher = {{AUAI} Press}
}

@inproceedings{KaminskiKatoen,
  author    = {B.~L. Kaminski and
               J.-P. Katoen},
  title     = {On the Hardness of Almost-Sure Termination},
  booktitle = {{MFCS} 2015, Part {I}},
  pages     = {307--318},
  year      = {2015},
}


@article{KKMO:ACM:18,
  author    = {B.~L. Kaminski and
               J.{-}P. Katoen and
               C. Matheja and
               F. Olmedo},
  title     = {{Weakest Precondition Reasoning for Expected Runtimes of Randomized
               Algorithms}},
  journal   = jacm,
  volume    = 65,
  number    = 5,
  pages     = {30:1--30:68},
  year      = 2018,
}

@inproceedings{BreuvartDalLago,
  title={{On Intersection Types and Probabilistic Lambda Calculi}},
  author={F. Breuvart and U. {Dal Lago}},
  booktitle=ppdp20,
  year={2018},
  pages={8:1--8:13},
  publisher=acm
}

@book{MotwaniRaghavan,
  title={Randomized algorithms},
  author={Motwani, R. and Raghavan, P.},
  year={1995},
  publisher={Cambridge university press}
}

@inproceedings{NgoCH18,
  author    = {N.~C.~Ngo and
               Q.~Carbonneaux and
               J.~Hoffmann},
  title     = {{Bounded Expectations: Resource Analysis for Probabilistic Programs}},
  booktitle = pldi39,
  publisher = acm,
  pages     = {496--512},
  year      = {2018},
}



@inproceedings{DalLagoGrellois,
  author    = {U.~Dal Lago and
               C.~Grellois},
  title     = {Probabilistic Termination by Monadic Affine Sized Typing},
  booktitle = esop26,
  pages     = {393--419},
  year      = {2017},
  series    = lncs,
  publisher = springer
}

@inproceedings{BournezKirchner,
  author    = {O. Bournez and
               C. Kirchner},
  title     = {Probabilistic Rewrite Strategies. {A}pplications to {ELAN}},
  booktitle = rta13,
  pages     = {252--266},
  year      = {2002},
}

@article{Lucas,
  author = {S.~Lucas},
  title = {Polynomials over the reals in proofs of termination: from theory to practice},
  journal = {RAIRO-Theoretical Informatics and Applications},
  volume=39,
  number=3,
  pages={547-586},
  year=2005
}

@inproceedings{NaTT,
author={A.~Yamada and K.~Kusakari and T.~Sakabe},
title={{N}agoya {T}ermination {T}ool},
booktitle={RTA-TLCA 2014},
series={LNCS},
volume=8560,
pages={466--475},
year=2014
}

@article{Dijkstra75,
  author    = {E.~W.~Dijkstra},
  title     = {{Guarded Commands, Nondeterminacy and Formal Derivation of Programs}},
  journal   = acm,
  volume    = {18},
  number    = {8},
  pages     = {453--457},
  year      = {1975},
  _url       = {https://doi.org/10.1145/360933.360975},
  _doi       = {10.1145/360933.360975},
  _timestamp = {Wed, 14 Nov 2018 10:22:34 +0100},
  _biburl    = {https://dblp.org/rec/bib/journals/cacm/Dijkstra75},
  _bibsource = {dblp computer science bibliography, https://dblp.org}
}

@article{Handelman88,
  author    = {D.~Handelman},
  title     = {{Representing Polynomials by Positive Linear Functions on Compact Convex Polyhedra}},
  journal   = {PJM},
  number    = {1},
  pages     = {35--62},
  volume    = {132},
  year      = {1988},
}

@book{MitzenMacherU05,
  author    = {M.~Mitzenmacher and
               E.~Upfal},
  title     = {{Probability and Computing: Randomized Algorithms and Probabilistic Analysis}},
  publisher = {Cambridge University Press},
  year      = {2005},
  _url       = {https://doi.org/10.1017/CBO9780511813603},
  _doi       = {10.1017/CBO9780511813603},
  _isbn      = {978-0-521-83540-4},
  _timestamp = {Wed, 10 Jul 2019 17:40:55 +0200},
  _biburl    = {https://dblp.org/rec/bib/books/daglib/0012859},
  _bibsource = {dblp computer science bibliography, https://dblp.org}
}

@article{BE0F16,
  author    = {M.~Brockschmidt and
               F.~Emmes and
               S.~Falke and
               C.~Fuhs and
               J.~Giesl},
  title     = {{Analyzing Runtime and Size Complexity of Integer Programs}},
  journal   = toplas,
  volume    = {38},
  number    = {4},
  pages     = {13:1--13:50},
  year      = {2016},
  _url       = {http://dl.acm.org/citation.cfm?id=2866575},
  _timestamp = {Tue, 03 Jan 2017 13:49:06 +0100},
  _biburl    = {https://dblp.org/rec/bib/journals/toplas/BrockschmidtE0F16},
  _bibsource = {dblp computer science bibliography, https://dblp.org}
}

@Book{Levitin:2007,
  author = 	 {A.~Levitin},
  title = 	 {{The Design and Analysis of Algorithms}},
  publisher = 	 {Pearson},
  year = 	 {2007},
}

@inproceedings{CC:2002b,
  author    = {Patrick Cousot and
               Radhia Cousot},
  title     = {{Modular Static Program Analysis}},
  booktitle = {Proc.\ of the \nth{11} CC},
  pages     = {159--178},
  year      = {2002},
  series    = lncs,
  publisher = springer,
  volume    = {2304},
}

@inproceedings{GT:2006,
  author    = {S.~Gulwani and
               A.~Tiwari},
  title     = {{Combining abstract interpreters}},
  booktitle = {Proc.\ of PLDI'06},
  year      = {2006},
  pages     = {376-386},
  publisher = {ACM},
}

@PhdThesis{Dillig:2011,
  author = 	 {T.~Dillig},
  title = 	 {{A Modular and Symbolic Approach to Static Program Analysis}},
  school = 	 {Stanford University},
  year = 	 {2011},
  }

@inproceedings{KBBR:2017,
  author    = {Z.~Kincaid and
               J.~Breck and
               A.~Boroujeni and
               T.~Reps},
  title     = {Compositional recurrence analysis revisited},
  booktitle = {Proc.\ of the 38th {ACM} {SIGPLAN} Conference on Programming
               Language Design and Implementation},
  pages     = {248--262},
  year      = {2017},
  doi       = {10.1145/3062341.3062373},
  publisher = {{ACM}},
}

@article{AD:2017,
  author    = {M.Avanzini and
               U. {Dal Lago}},
  title     = {{Automating Sized-type Inference for Complexity analysis}},
  journal   = {{PACMPL}},
  volume    = {1},
  number    = {{ICFP}},
  pages     = {43:1--43:29},
  year      = {2017},
}

@inproceedings{Ben-AmramH19,
  author    = {A. Ben{-}Amram and
               G. Hamilton},
  title     = {{Tight Worst-Case Bounds for Polynomial Loop Programs}},
  booktitle = fossacs22,
  pages     = {80--97},
  year      = {2019},
  doi       = {10.1007/978-3-030-17127-8\_5},
 }

@article{Ben-Amram15,
  author    = {A.~Ben{-}Amram},
  title     = {{Mortality of iterated piecewise affine functions over the integers:
               Decidability and complexity}},
  journal   = {Computability},
  volume    = {4},
  number    = {1},
  pages     = {19--56},
  year      = {2015},
  doi       = {10.3233/COM-150032},
}

@inproceedings{FarzanK15,
  author    = {A.~Farzan and
               Z.~Kincaid},
  title     = {{Compositional Recurrence Analysis}},
  booktitle = {Proc.\ FMCAD},
  pages     = {57--64},
  year      = {2015},
  publisher = {{IEEE}},
}

@inproceedings{Moser:2017,
  author    = {G.~Moser},
  title     = {Uniform Resource Analysis by Rewriting: Strenghts and Weaknesses (Invited
               Talk)},
  booktitle = {Proc.\ of the 2nd International Conference on Formal Structures for Computation and Deduction},
  pages     = {2:1--2:10},
  year      = {2017},
  doi       = {10.4230/LIPIcs.FSCD.2017.2},
  series    = lipics,
  volume    = 84
}

@INPROCEEDINGS{AMS:2016,
  author =	 {M.~Avanzini and G.~Moser and M.~Schaper},
  title =	 {{TcT}: {T}yrolean Complexity Tool},
  booktitle = {Proc.\ of the 22nd International Conference on Tools and Algorithms for the Construction and Analysis of Systems},
  year =	 2016,
  pages     =    {407--423},
  series =	 lncs,
  volume =       {9636},
}

@article{Giesl:2017,
  author =       {J.~Giesl and C.~Aschermann and M.~Brockschmidt and F.~Emmes and
                  F.~Frohn and C.~Fuhs and J.~Hensel and C.~Otto and
                  M.~Pl{\"{u}}cker and P.~Schneider{-}Kamp and T.~Str{\"{o}}der and
                  S.~Swiderski and R.~Thiemann},
  title =        {Analyzing Program Termination and Complexity Automatically with
                  {AProVE}},
  journal =      JAR,
  volume =       58,
  number =       1,
  pages =        {3--31},
  year =         2017,
  doi =          {10.1007/s10817-016-9388-y},
}

@inproceedings{GMC:2009,
  author    = {S.~Gulwani and
               K.K.~Mehra and
               T.M.~Chilimbi},
  title     = {{SPEED}: precise and efficient static estimation of program
               computational complexity},
  booktitle = {Proc.\ 36th Symposium on
               Principles of Programming Languages},
  year      = {2009},
  pages     = {127-139},
  publisher = {ACM},
}

@inproceedings{CelikuM05,
  author    = {O.~Celiku and
               A.~McIver},
  title     = {{Compositional Specification and Analysis of Cost-Based Properties in Probabilistic Programs}},
  booktitle = {Proc.\ International Symposium of Formal Methods
               Europe},
  pages     = {107--122},
  year      = {2005},
  series    = lncs,
  publisher = springer,
  volume    = {3582},
}
@inproceedings{BartheGB09,
  author    = {G.~Barthe and
               B.~Gr{\'{e}}goire and
               S.~Z.~B{\'{e}}guelin},
  title     = {{Formal certification of code-based cryptographic proofs}},
  booktitle = popl36,
  pages     = {90--101},
  year      = {2009},
  doi       = {10.1145/1480881.1480894},
}

@book{Sedgewick96,
  author    = {R.~Sedgewick and
               P.~Flajolet},
  title     = {{An introduction to the analysis of algorithms}},
  publisher = {Addison-Wesley-Longman},
  year      = {1996},
}

@inproceedings{Flajolet92,
  author    = {P.~Flajolet},
  title     = {{Analytic Analysis of Algorithms}},
  booktitle = icalp19,
  pages     = {186--210},
  year      = {1992},
  doi       = {10.1007/3-540-55719-9\_74},
}

@article{FlajoletSZ91,
  author    = {P.~Flajolet and
               B.~Salvy and
               P.~Zimmermann},
  title     = {{Automatic Average-Case Analysis of Algorithm}},
  journal   = tcs,
  volume    = {79},
  number    = {1},
  pages     = {37--109},
  year      = {1991},
  doi       = {10.1016/0304-3975(91)90145-R},
}

@article{CKS:1989,
  author    = {C.~Choppy and
               S.~Kaplan and
               M.~Soria},
  title     = {Complexity Analysis of Term-Rewriting Systems},
  journal   = tcs,
  volume    = {67},
  number    = {2--3},
  year      = {1989},
  pages     = {261-282},
}

@inproceedings{Carbonneaux0RS14,
  author    = {Q.~Carbonneaux and
               J.~Hoffmann and
               T.~Ramananandro and
               Z.~Shao},
  title     = {{End-to-end verification of stack-space bounds for {C} programs}},
  booktitle = pldi14,
  pages     = {270--281},
  year      = {2014},
  doi       = {10.1145/2594291.2594301},
}

@inproceedings{WangHR18,
  author    = {D.~Wang and
               J.~Hoffmann and
               T.~W.~Reps},
  title     = {{{PMAF:} an algebraic framework for static analysis of probabilistic
               programs}},
  booktitle = pldi39,
  pages     = {513--528},
  year      = {2018},
  doi       = {10.1145/3192366.3192408},
}

@inproceedings{Katoen16,
  author    = {J.-P.~Katoen},
  title     = {{The Probabilistic Model Checking Landscape}},
  booktitle = lics31,
  pages     = {31--45},
  year      = {2016},
  doi       = {10.1145/2933575.2934574},
}


@inproceedings{KatoenMMM10,
  author    = {J.-P.~Katoen and
               A.~McIver and
               L.~Meinicke and
               C.C.~Morgan},
  title     = {{Linear-Invariant Generation for Probabilistic Programs: - Automated
               Support for Proof-Based Methods}},
  booktitle = sas17,
  pages     = {390--406},
  year      = {2010},
  doi       = {10.1007/978-3-642-15769-1\_24},
}

@inproceedings{ChakarovS14,
  author    = {A.~Chakarov and
               S.~Sankaranarayanan},
  title     = {{Expectation Invariants for Probabilistic Program Loops as Fixed Points}},
  booktitle = sas21,
  pages     = {85--100},
  year      = {2014},
  doi       = {10.1007/978-3-319-10936-7\_6},
}

@article{BrazdilKKV15,
  author    = {T.~Br{\'{a}}zdil and
               S.~Kiefer and
               A.~Kucera and
               I.H.~Varekov{\'{a}}},
  title     = {{Runtime analysis of probabilistic programs with unbounded recursion}},
  journal   = {J. Comput. Syst. Sci.},
  volume    = {81},
  number    = {1},
  pages     = {288--310},
  year      = {2015},
  doi       = {10.1016/j.jcss.2014.06.005},
}

@inproceedings{EsparzaKM05,
  author    = {Javier Esparza and
               Anton{\'{\i}}n Kucera and
               Richard Mayr},
  title     = {{Quantitative Analysis of Probabilistic Pushdown Automata: Expectations
               and Variances}},
  booktitle = lics20,
  pages     = {117--126},
  year      = {2005},
  doi       = {10.1109/LICS.2005.39},
}

@inproceedings{GehrMV16,
  author    = {T.~Gehr and
               S.~Misailovic and
               M.~Vechev},
  title     = {{{PSI:} Exact Symbolic Inference for Probabilistic Programs}},
  booktitle = cav28,
  pages     = {62--83},
  year      = {2016},
  doi       = {10.1007/978-3-319-41528-4\_4},
}

@inproceedings{ChanNgo:2017,
  title = {Verifying and Synthesizing Constant-Resource Implementations with Types},
  year =  {2017},
  author = {V.~Chan Ngo and M.~Dehesa-Azuara and M.~Fredrikson and J.~Hoffmann},
  booktitle = {Proc.\ of the IEEE Symposium on Security \& Privacy},
  pages     = {710--728},
}
